index,amount,change,date,price,time,type,volume
0,298116,-0.14,2018-09-03,8.19,09:25:04,卖盘,364
1,284146,-0.05,2018-09-03,8.14,09:30:04,卖盘,348
2,75738,-0.02,2018-09-03,8.12,09:30:07,卖盘,93
3,2445,0.03,2018-09-03,8.15,09:30:10,买盘,3
4,82780,0.0,2018-09-03,8.15,09:30:12,买盘,102
5,812,-0.03,2018-09-03,8.12,09:30:16,中性盘,1
6,40542,0.0,2018-09-03,8.12,09:30:18,买盘,50
7,34872,0.0,2018-09-03,8.12,09:30:22,买盘,43
8,127360,0.0,2018-09-03,8.12,09:30:25,卖盘,157
9,12180,0.0,2018-09-03,8.12,09:30:28,卖盘,15
10,28420,0.0,2018-09-03,8.12,09:30:31,卖盘,35
11,24360,0.0,2018-09-03,8.12,09:30:34,买盘,30
12,1624,0.0,2018-09-03,8.12,09:30:37,买盘,2
13,16220,-0.01,2018-09-03,8.11,09:30:40,卖盘,20
14,17042,0.01,2018-09-03,8.12,09:30:42,买盘,21
15,4050,-0.02,2018-09-03,8.1,09:30:45,买盘,5
16,1620,0.0,2018-09-03,8.1,09:30:49,买盘,2
17,40475,0.01,2018-09-03,8.11,09:30:52,买盘,50
18,76912,0.0,2018-09-03,8.11,09:30:55,买盘,95
19,58277,-0.02,2018-09-03,8.09,09:30:58,卖盘,72
20,38804,0.0,2018-09-03,8.09,09:31:01,买盘,48
21,31549,-0.01,2018-09-03,8.08,09:31:04,卖盘,39
22,16976,0.0,2018-09-03,8.08,09:31:07,卖盘,21
23,32329,0.0,2018-09-03,8.08,09:31:10,卖盘,40
24,20990,-0.01,2018-09-03,8.07,09:31:13,卖盘,26
25,87283,-0.01,2018-09-03,8.06,09:31:16,卖盘,108
26,95899,-0.01,2018-09-03,8.05,09:31:19,卖盘,119
27,53971,0.01,2018-09-03,8.06,09:31:22,买盘,67
28,92525,-0.03,2018-09-03,8.03,09:31:25,卖盘,115
29,100190,0.03,2018-09-03,8.06,09:31:28,中性盘,124
30,24150,-0.01,2018-09-03,8.05,09:31:31,卖盘,30
31,100822,0.0,2018-09-03,8.05,09:31:33,卖盘,125
32,90271,0.02,2018-09-03,8.07,09:31:37,买盘,112
33,12928,0.01,2018-09-03,8.08,09:31:40,卖盘,16
34,10491,-0.01,2018-09-03,8.07,09:31:43,买盘,13
35,67693,-0.02,2018-09-03,8.05,09:31:49,卖盘,84
36,33886,0.02,2018-09-03,8.07,09:31:51,买盘,42
37,4838,-0.01,2018-09-03,8.06,09:31:54,卖盘,6
38,40339,0.01,2018-09-03,8.07,09:31:58,买盘,50
39,17774,0.04,2018-09-03,8.11,09:32:01,买盘,22
40,29076,-0.04,2018-09-03,8.07,09:32:04,卖盘,36
41,10503,0.0,2018-09-03,8.07,09:32:07,卖盘,13
42,35539,0.0,2018-09-03,8.07,09:32:13,卖盘,44
43,4860,0.04,2018-09-03,8.11,09:32:16,买盘,6
44,2442,0.03,2018-09-03,8.14,09:32:22,买盘,3
45,16225,-0.04,2018-09-03,8.1,09:32:24,卖盘,20
46,22680,0.0,2018-09-03,8.1,09:32:27,买盘,28
47,19443,0.01,2018-09-03,8.11,09:32:31,买盘,24
48,8100,-0.01,2018-09-03,8.1,09:32:34,中性盘,10
49,4866,0.01,2018-09-03,8.11,09:32:37,买盘,6
50,103747,0.01,2018-09-03,8.12,09:32:42,中性盘,128
51,6492,0.01,2018-09-03,8.13,09:32:45,买盘,8
52,36495,-0.02,2018-09-03,8.11,09:32:52,卖盘,45
53,47888,0.03,2018-09-03,8.14,09:32:58,买盘,59
54,15447,-0.01,2018-09-03,8.13,09:33:01,中性盘,19
55,34110,0.01,2018-09-03,8.14,09:33:04,买盘,42
56,21128,-0.01,2018-09-03,8.13,09:33:07,买盘,26
57,19512,0.0,2018-09-03,8.13,09:33:10,买盘,24
58,22710,-0.02,2018-09-03,8.11,09:33:13,卖盘,28
59,3252,0.02,2018-09-03,8.13,09:33:16,买盘,4
60,5677,-0.02,2018-09-03,8.11,09:33:18,卖盘,7
61,3248,0.01,2018-09-03,8.12,09:33:21,中性盘,4
62,7299,-0.01,2018-09-03,8.11,09:33:25,卖盘,9
63,34062,0.0,2018-09-03,8.11,09:33:28,卖盘,42
64,2433,0.0,2018-09-03,8.11,09:33:31,买盘,3
65,19451,0.0,2018-09-03,8.11,09:33:34,买盘,24
66,6480,-0.01,2018-09-03,8.1,09:33:37,卖盘,8
67,19440,0.0,2018-09-03,8.1,09:33:40,买盘,24
68,28350,0.0,2018-09-03,8.1,09:33:43,卖盘,35
69,12966,0.0,2018-09-03,8.1,09:33:46,卖盘,16
70,21086,0.01,2018-09-03,8.11,09:33:49,买盘,26
71,24330,0.0,2018-09-03,8.11,09:33:52,卖盘,30
72,13794,0.01,2018-09-03,8.12,09:33:55,买盘,17
73,110204,-0.02,2018-09-03,8.1,09:33:58,卖盘,136
74,6480,0.0,2018-09-03,8.1,09:34:04,买盘,8
75,84151,-0.01,2018-09-03,8.09,09:34:07,卖盘,104
76,4050,0.01,2018-09-03,8.1,09:34:09,买盘,5
77,14565,0.0,2018-09-03,8.1,09:34:13,买盘,18
78,6472,-0.01,2018-09-03,8.09,09:34:16,卖盘,8
79,16195,0.01,2018-09-03,8.1,09:34:19,买盘,20
80,45370,0.01,2018-09-03,8.11,09:34:22,买盘,56
81,7291,-0.01,2018-09-03,8.1,09:34:24,中性盘,9
82,21870,0.0,2018-09-03,8.1,09:34:27,买盘,27
83,16198,0.01,2018-09-03,8.11,09:34:30,买盘,20
84,99682,0.0,2018-09-03,8.11,09:34:34,买盘,123
85,21874,0.0,2018-09-03,8.11,09:34:40,买盘,27
86,29124,-0.03,2018-09-03,8.08,09:34:43,卖盘,36
87,22708,0.03,2018-09-03,8.11,09:34:46,买盘,28
88,41361,0.0,2018-09-03,8.11,09:34:49,买盘,51
89,3240,-0.01,2018-09-03,8.1,09:34:52,中性盘,4
90,16995,0.01,2018-09-03,8.11,09:34:55,买盘,21
91,3236,-0.02,2018-09-03,8.09,09:34:58,买盘,4
92,25912,0.01,2018-09-03,8.1,09:35:01,买盘,32
93,4860,0.0,2018-09-03,8.1,09:35:07,买盘,6
94,811,0.01,2018-09-03,8.11,09:35:10,买盘,1
95,8100,-0.01,2018-09-03,8.1,09:35:13,卖盘,10
96,281417,0.01,2018-09-03,8.11,09:35:16,买盘,347
97,10531,-0.01,2018-09-03,8.1,09:35:19,卖盘,13
98,51047,0.0,2018-09-03,8.1,09:35:22,买盘,63
99,21086,0.01,2018-09-03,8.11,09:35:25,买盘,26
100,68890,-0.01,2018-09-03,8.1,09:35:28,卖盘,85
101,260331,0.01,2018-09-03,8.11,09:35:31,买盘,321
102,22699,0.0,2018-09-03,8.11,09:35:34,买盘,28
103,16243,0.02,2018-09-03,8.13,09:35:40,买盘,20
104,1628,0.01,2018-09-03,8.14,09:35:48,买盘,2
105,814,0.0,2018-09-03,8.14,09:35:51,买盘,1
106,32500,-0.01,2018-09-03,8.13,09:35:54,卖盘,40
107,32550,0.02,2018-09-03,8.15,09:35:58,买盘,40
108,1630,0.0,2018-09-03,8.15,09:36:00,买盘,2
109,814,-0.01,2018-09-03,8.14,09:36:04,买盘,1
110,3256,0.0,2018-09-03,8.14,09:36:07,买盘,4
111,814,0.0,2018-09-03,8.14,09:36:09,买盘,1
112,24420,0.0,2018-09-03,8.14,09:36:13,买盘,30
113,61790,-0.01,2018-09-03,8.13,09:36:16,卖盘,76
114,52052,-0.01,2018-09-03,8.12,09:36:19,卖盘,64
115,52024,0.02,2018-09-03,8.14,09:36:22,买盘,64
116,8140,0.0,2018-09-03,8.14,09:36:25,买盘,10
117,25219,-0.01,2018-09-03,8.13,09:36:31,中性盘,31
118,66629,-0.01,2018-09-03,8.12,09:36:37,卖盘,82
119,34181,0.02,2018-09-03,8.14,09:36:40,买盘,42
120,65086,-0.02,2018-09-03,8.12,09:36:49,卖盘,80
121,4894,0.04,2018-09-03,8.16,09:36:51,买盘,6
122,3264,0.0,2018-09-03,8.16,09:36:54,买盘,4
123,58528,-0.03,2018-09-03,8.13,09:37:04,卖盘,72
124,2445,0.02,2018-09-03,8.15,09:37:07,中性盘,3
125,4891,0.01,2018-09-03,8.16,09:37:13,买盘,6
126,12240,0.0,2018-09-03,8.16,09:37:16,买盘,15
127,12234,-0.01,2018-09-03,8.15,09:37:25,卖盘,15
128,3264,0.01,2018-09-03,8.16,09:37:28,买盘,4
129,40792,-0.01,2018-09-03,8.15,09:37:31,中性盘,50
130,9768,-0.01,2018-09-03,8.14,09:37:33,卖盘,12
131,22001,0.01,2018-09-03,8.15,09:37:36,买盘,27
132,16290,0.0,2018-09-03,8.15,09:37:39,买盘,20
133,2445,0.0,2018-09-03,8.15,09:37:43,买盘,3
134,9768,-0.01,2018-09-03,8.14,09:37:52,卖盘,12
135,4070,0.0,2018-09-03,8.14,09:37:55,买盘,5
136,5698,0.0,2018-09-03,8.14,09:37:58,买盘,7
137,24390,-0.01,2018-09-03,8.13,09:38:01,卖盘,30
138,15466,0.01,2018-09-03,8.14,09:38:04,买盘,19
139,4884,0.0,2018-09-03,8.14,09:38:10,买盘,6
140,4879,-0.01,2018-09-03,8.13,09:38:13,卖盘,6
141,3254,0.01,2018-09-03,8.14,09:38:16,买盘,4
142,11396,0.0,2018-09-03,8.14,09:38:18,买盘,14
143,30087,0.0,2018-09-03,8.14,09:38:21,买盘,37
144,21164,0.0,2018-09-03,8.14,09:38:24,买盘,26
145,16276,0.0,2018-09-03,8.14,09:38:31,买盘,20
146,5698,0.0,2018-09-03,8.14,09:38:34,买盘,7
147,3256,0.0,2018-09-03,8.14,09:38:43,买盘,4
148,1628,0.0,2018-09-03,8.14,09:38:49,买盘,2
149,35816,0.0,2018-09-03,8.14,09:38:52,买盘,44
150,28489,0.0,2018-09-03,8.14,09:38:58,卖盘,35
151,82290,0.01,2018-09-03,8.15,09:39:01,买盘,101
152,4070,-0.01,2018-09-03,8.14,09:39:04,卖盘,5
153,7328,0.01,2018-09-03,8.15,09:39:07,买盘,9
154,1630,0.0,2018-09-03,8.15,09:39:10,买盘,2
155,10585,-0.01,2018-09-03,8.14,09:39:13,卖盘,13
156,17914,0.0,2018-09-03,8.14,09:39:19,卖盘,22
157,38258,0.0,2018-09-03,8.14,09:39:22,卖盘,47
158,21164,0.0,2018-09-03,8.14,09:39:28,买盘,26
159,8951,0.0,2018-09-03,8.14,09:39:37,买盘,11
160,100008,-0.01,2018-09-03,8.13,09:39:46,卖盘,123
161,4065,0.0,2018-09-03,8.13,09:39:51,买盘,5
162,16260,0.0,2018-09-03,8.13,09:39:54,买盘,20
163,6504,0.0,2018-09-03,8.13,09:39:58,买盘,8
164,69832,-0.01,2018-09-03,8.12,09:40:06,卖盘,86
165,37281,-0.02,2018-09-03,8.1,09:40:10,卖盘,46
166,1624,0.02,2018-09-03,8.12,09:40:13,买盘,2
167,8928,0.0,2018-09-03,8.12,09:40:16,买盘,11
168,12961,-0.02,2018-09-03,8.1,09:40:19,卖盘,16
169,5679,0.03,2018-09-03,8.13,09:40:22,买盘,7
170,4860,-0.03,2018-09-03,8.1,09:40:25,卖盘,6
171,22680,0.0,2018-09-03,8.1,09:40:27,卖盘,28
172,25110,0.0,2018-09-03,8.1,09:40:37,买盘,31
173,12960,0.0,2018-09-03,8.1,09:40:40,买盘,16
174,46113,-0.01,2018-09-03,8.09,09:40:43,卖盘,57
175,20235,0.0,2018-09-03,8.09,09:40:49,卖盘,25
176,10524,0.01,2018-09-03,8.1,09:40:51,买盘,13
177,1618,-0.01,2018-09-03,8.09,09:40:54,买盘,2
178,44440,-0.01,2018-09-03,8.08,09:40:57,卖盘,55
179,37175,0.01,2018-09-03,8.09,09:41:04,买盘,46
180,16989,0.0,2018-09-03,8.09,09:41:07,买盘,21
181,14546,-0.01,2018-09-03,8.08,09:41:10,中性盘,18
182,18587,0.0,2018-09-03,8.08,09:41:13,卖盘,23
183,8083,0.01,2018-09-03,8.09,09:41:15,买盘,10
184,10514,-0.01,2018-09-03,8.08,09:41:21,卖盘,13
185,8888,0.0,2018-09-03,8.08,09:41:28,卖盘,11
186,71104,0.0,2018-09-03,8.08,09:41:33,卖盘,88
187,3232,0.0,2018-09-03,8.08,09:41:37,买盘,4
188,23432,0.0,2018-09-03,8.08,09:41:39,买盘,29
189,16949,-0.01,2018-09-03,8.07,09:41:43,卖盘,21
190,52462,0.0,2018-09-03,8.07,09:41:45,卖盘,65
191,6459,0.0,2018-09-03,8.07,09:41:49,卖盘,8
192,12109,0.01,2018-09-03,8.08,09:41:52,买盘,15
193,5649,-0.01,2018-09-03,8.07,09:41:55,卖盘,7
194,8080,0.01,2018-09-03,8.08,09:41:58,买盘,10
195,36315,-0.01,2018-09-03,8.07,09:42:01,卖盘,45
196,62216,0.01,2018-09-03,8.08,09:42:07,买盘,77
197,808,0.0,2018-09-03,8.08,09:42:10,买盘,1
198,31512,0.0,2018-09-03,8.08,09:42:13,买盘,39
199,16163,0.0,2018-09-03,8.08,09:42:16,卖盘,20
200,23456,0.02,2018-09-03,8.1,09:42:19,买盘,29
201,12960,0.0,2018-09-03,8.1,09:42:22,买盘,16
202,6472,0.0,2018-09-03,8.1,09:42:25,买盘,8
203,28340,-0.01,2018-09-03,8.09,09:42:28,中性盘,35
204,33210,0.01,2018-09-03,8.1,09:42:31,买盘,41
205,4860,0.0,2018-09-03,8.1,09:42:33,卖盘,6
206,21883,0.03,2018-09-03,8.13,09:42:40,买盘,27
207,21891,-0.03,2018-09-03,8.1,09:42:46,卖盘,27
208,16252,0.04,2018-09-03,8.14,09:42:49,买盘,20
209,1628,0.0,2018-09-03,8.14,09:42:52,买盘,2
210,15390,-0.04,2018-09-03,8.1,09:42:55,卖盘,19
211,811,0.01,2018-09-03,8.11,09:42:57,中性盘,1
212,9728,-0.01,2018-09-03,8.1,09:43:01,卖盘,12
213,36483,0.0,2018-09-03,8.1,09:43:04,卖盘,45
214,6480,0.0,2018-09-03,8.1,09:43:12,卖盘,8
215,120690,0.0,2018-09-03,8.1,09:43:15,卖盘,149
216,1623,0.03,2018-09-03,8.13,09:43:19,买盘,2
217,16260,0.0,2018-09-03,8.13,09:43:22,买盘,20
218,1620,-0.03,2018-09-03,8.1,09:43:28,卖盘,2
219,11368,0.02,2018-09-03,8.12,09:43:31,买盘,14
220,2436,0.0,2018-09-03,8.12,09:43:43,买盘,3
221,3248,0.0,2018-09-03,8.12,09:43:46,买盘,4
222,1624,0.0,2018-09-03,8.12,09:43:49,买盘,2
223,3243,-0.01,2018-09-03,8.11,09:43:52,中性盘,4
224,24322,0.0,2018-09-03,8.11,09:43:55,买盘,30
225,12165,0.0,2018-09-03,8.11,09:43:58,买盘,15
226,3241,0.0,2018-09-03,8.11,09:44:04,买盘,4
227,14580,-0.01,2018-09-03,8.1,09:44:07,卖盘,18
228,811,0.01,2018-09-03,8.11,09:44:10,买盘,1
229,4055,0.0,2018-09-03,8.11,09:44:16,买盘,5
230,3247,0.01,2018-09-03,8.12,09:44:19,买盘,4
231,9744,0.0,2018-09-03,8.12,09:44:22,买盘,12
232,12165,-0.01,2018-09-03,8.11,09:44:25,卖盘,15
233,46968,-0.02,2018-09-03,8.09,09:44:28,卖盘,58
234,3244,0.02,2018-09-03,8.11,09:44:34,中性盘,4
235,17823,0.0,2018-09-03,8.11,09:44:37,买盘,22
236,8110,0.0,2018-09-03,8.11,09:44:40,买盘,10
237,10543,0.0,2018-09-03,8.11,09:44:43,买盘,13
238,1622,0.0,2018-09-03,8.11,09:44:46,买盘,2
239,47096,0.01,2018-09-03,8.12,09:44:49,买盘,58
240,2436,0.0,2018-09-03,8.12,09:44:52,卖盘,3
241,6496,0.0,2018-09-03,8.12,09:44:58,卖盘,8
242,4866,-0.01,2018-09-03,8.11,09:45:04,卖盘,6
243,115973,0.0,2018-09-03,8.11,09:45:10,卖盘,143
244,1622,0.0,2018-09-03,8.11,09:45:13,买盘,2
245,4055,0.0,2018-09-03,8.11,09:45:16,买盘,5
246,2430,-0.01,2018-09-03,8.1,09:45:19,卖盘,3
247,2432,0.01,2018-09-03,8.11,09:45:22,买盘,3
248,1622,0.0,2018-09-03,8.11,09:45:31,买盘,2
249,8100,-0.01,2018-09-03,8.1,09:45:33,卖盘,10
250,811,0.01,2018-09-03,8.11,09:45:36,买盘,1
251,3244,0.0,2018-09-03,8.11,09:45:40,买盘,4
252,4050,-0.01,2018-09-03,8.1,09:45:43,卖盘,5
253,37214,-0.01,2018-09-03,8.09,09:45:46,卖盘,46
254,809,0.0,2018-09-03,8.09,09:45:49,买盘,1
255,4852,0.0,2018-09-03,8.09,09:45:52,买盘,6
256,1618,0.0,2018-09-03,8.09,09:45:55,买盘,2
257,4045,0.0,2018-09-03,8.09,09:46:04,买盘,5
258,4045,0.0,2018-09-03,8.09,09:46:06,买盘,5
259,3236,0.0,2018-09-03,8.09,09:46:12,买盘,4
260,11326,0.0,2018-09-03,8.09,09:46:16,买盘,14
261,9706,-0.01,2018-09-03,8.08,09:46:19,卖盘,12
262,3236,0.01,2018-09-03,8.09,09:46:22,买盘,4
263,810,0.01,2018-09-03,8.1,09:46:34,买盘,1
264,1618,-0.01,2018-09-03,8.09,09:46:37,卖盘,2
265,11330,0.01,2018-09-03,8.1,09:46:40,买盘,14
266,9722,0.01,2018-09-03,8.11,09:46:45,买盘,12
267,4055,0.0,2018-09-03,8.11,09:46:52,买盘,5
268,26736,-0.01,2018-09-03,8.1,09:46:54,卖盘,33
269,809,-0.01,2018-09-03,8.09,09:46:58,卖盘,1
270,9708,0.0,2018-09-03,8.09,09:47:03,卖盘,12
271,38023,0.0,2018-09-03,8.09,09:47:06,买盘,47
272,1616,-0.01,2018-09-03,8.08,09:47:10,卖盘,2
273,3236,0.01,2018-09-03,8.09,09:47:13,买盘,4
274,65452,-0.02,2018-09-03,8.07,09:47:16,卖盘,81
275,10504,0.01,2018-09-03,8.08,09:47:22,卖盘,13
276,4040,0.0,2018-09-03,8.08,09:47:25,买盘,5
277,88196,0.02,2018-09-03,8.1,09:47:34,买盘,109
278,15338,-0.03,2018-09-03,8.07,09:47:37,卖盘,19
279,23407,0.0,2018-09-03,8.07,09:47:40,卖盘,29
280,1620,0.03,2018-09-03,8.1,09:47:49,买盘,2
281,810,0.0,2018-09-03,8.1,09:47:52,买盘,1
282,4050,0.0,2018-09-03,8.1,09:47:54,买盘,5
283,3240,0.0,2018-09-03,8.1,09:48:04,买盘,4
284,16200,0.0,2018-09-03,8.1,09:48:07,买盘,20
285,12124,-0.02,2018-09-03,8.08,09:48:13,卖盘,15
286,3240,0.02,2018-09-03,8.1,09:48:19,买盘,4
287,8889,-0.02,2018-09-03,8.08,09:48:22,卖盘,11
288,1616,0.0,2018-09-03,8.08,09:48:24,买盘,2
289,4040,0.0,2018-09-03,8.08,09:48:27,卖盘,5
290,17756,-0.01,2018-09-03,8.07,09:48:30,卖盘,22
291,4035,0.0,2018-09-03,8.07,09:48:34,卖盘,5
292,20986,0.01,2018-09-03,8.08,09:48:40,买盘,26
293,61366,0.0,2018-09-03,8.08,09:48:46,买盘,76
294,31512,0.0,2018-09-03,8.08,09:48:48,卖盘,39
295,2427,0.01,2018-09-03,8.09,09:48:51,买盘,3
296,4042,0.0,2018-09-03,8.09,09:48:54,买盘,5
297,4040,-0.01,2018-09-03,8.08,09:48:57,卖盘,5
298,4848,0.0,2018-09-03,8.08,09:49:04,卖盘,6
299,6470,0.01,2018-09-03,8.09,09:49:07,买盘,8
300,8888,-0.01,2018-09-03,8.08,09:49:12,卖盘,11
301,12944,0.01,2018-09-03,8.09,09:49:16,买盘,16
302,4854,0.0,2018-09-03,8.09,09:49:19,买盘,6
303,8899,0.0,2018-09-03,8.09,09:49:25,卖盘,11
304,1618,0.0,2018-09-03,8.09,09:49:33,卖盘,2
305,1620,0.01,2018-09-03,8.1,09:49:40,买盘,2
306,11340,0.0,2018-09-03,8.1,09:49:46,买盘,14
307,29155,-0.01,2018-09-03,8.09,09:50:01,卖盘,36
308,29934,0.01,2018-09-03,8.1,09:50:04,买盘,37
309,4854,-0.01,2018-09-03,8.09,09:50:06,卖盘,6
310,35561,-0.01,2018-09-03,8.08,09:50:10,卖盘,44
311,810,0.02,2018-09-03,8.1,09:50:16,买盘,1
312,2430,0.0,2018-09-03,8.1,09:50:19,卖盘,3
313,2432,0.01,2018-09-03,8.11,09:50:22,买盘,3
314,4050,-0.01,2018-09-03,8.1,09:50:31,卖盘,5
315,377977,-0.04,2018-09-03,8.06,09:50:37,卖盘,468
316,7283,0.03,2018-09-03,8.09,09:50:39,中性盘,9
317,809,0.0,2018-09-03,8.09,09:50:43,买盘,1
318,24182,-0.03,2018-09-03,8.06,09:50:52,卖盘,30
319,8899,0.03,2018-09-03,8.09,09:51:01,卖盘,11
320,11303,-0.02,2018-09-03,8.07,09:51:16,卖盘,14
321,36270,-0.01,2018-09-03,8.06,09:51:18,卖盘,45
322,8060,0.0,2018-09-03,8.06,09:51:21,买盘,10
323,37076,0.0,2018-09-03,8.06,09:51:25,买盘,46
324,157054,0.0,2018-09-03,8.06,09:51:28,买盘,195
325,8060,0.0,2018-09-03,8.06,09:51:31,卖盘,10
326,3224,0.0,2018-09-03,8.06,09:51:36,卖盘,4
327,24990,0.0,2018-09-03,8.06,09:51:40,卖盘,31
328,19344,0.0,2018-09-03,8.06,09:51:43,买盘,24
329,14508,0.0,2018-09-03,8.06,09:51:46,买盘,18
330,9674,0.01,2018-09-03,8.07,09:51:52,买盘,12
331,18540,-0.01,2018-09-03,8.06,09:51:55,卖盘,23
332,7254,0.0,2018-09-03,8.06,09:51:58,买盘,9
333,38683,0.0,2018-09-03,8.06,09:52:04,买盘,48
334,80507,-0.01,2018-09-03,8.05,09:52:07,卖盘,100
335,4035,0.02,2018-09-03,8.07,09:52:12,买盘,5
336,107035,-0.02,2018-09-03,8.05,09:52:16,卖盘,133
337,41866,0.01,2018-09-03,8.06,09:52:19,买盘,52
338,9684,0.01,2018-09-03,8.07,09:52:22,买盘,12
339,9672,-0.01,2018-09-03,8.06,09:52:25,卖盘,12
340,806,0.0,2018-09-03,8.06,09:52:28,卖盘,1
341,8855,-0.01,2018-09-03,8.05,09:52:31,卖盘,11
342,57102,-0.01,2018-09-03,8.04,09:52:33,卖盘,71
343,8060,0.02,2018-09-03,8.06,09:52:37,买盘,10
344,20116,0.0,2018-09-03,8.06,09:52:43,买盘,25
345,16095,-0.02,2018-09-03,8.04,09:52:46,卖盘,20
346,1611,0.01,2018-09-03,8.05,09:52:49,中性盘,2
347,2414,0.0,2018-09-03,8.05,09:52:52,买盘,3
348,48333,0.01,2018-09-03,8.06,09:52:55,买盘,60
349,42665,-0.01,2018-09-03,8.05,09:52:58,中性盘,53
350,5630,-0.01,2018-09-03,8.04,09:53:01,卖盘,7
351,13670,0.0,2018-09-03,8.04,09:53:04,卖盘,17
352,10455,0.01,2018-09-03,8.05,09:53:06,买盘,13
353,4029,0.01,2018-09-03,8.06,09:53:10,买盘,5
354,35415,-0.02,2018-09-03,8.04,09:53:13,卖盘,44
355,1612,0.02,2018-09-03,8.06,09:53:16,买盘,2
356,37879,0.0,2018-09-03,8.06,09:53:19,买盘,47
357,25735,-0.02,2018-09-03,8.04,09:53:22,卖盘,32
358,2418,0.02,2018-09-03,8.06,09:53:28,卖盘,3
359,15318,0.01,2018-09-03,8.07,09:53:34,买盘,19
360,13719,0.0,2018-09-03,8.07,09:53:39,卖盘,17
361,2418,-0.01,2018-09-03,8.06,09:53:46,买盘,3
362,5642,0.0,2018-09-03,8.06,09:53:52,买盘,7
363,8060,0.0,2018-09-03,8.06,09:53:55,买盘,10
364,7254,0.0,2018-09-03,8.06,09:53:58,买盘,9
365,22568,0.0,2018-09-03,8.06,09:54:04,买盘,28
366,7253,-0.01,2018-09-03,8.05,09:54:10,卖盘,9
367,806,0.01,2018-09-03,8.06,09:54:15,买盘,1
368,5642,0.0,2018-09-03,8.06,09:54:22,买盘,7
369,46737,0.0,2018-09-03,8.06,09:54:25,买盘,58
370,8060,0.0,2018-09-03,8.06,09:54:28,买盘,10
371,5642,0.0,2018-09-03,8.06,09:54:30,买盘,7
372,16120,0.0,2018-09-03,8.06,09:54:33,买盘,20
373,4026,0.0,2018-09-03,8.06,09:54:39,买盘,5
374,8866,0.0,2018-09-03,8.06,09:54:42,买盘,11
375,5642,0.0,2018-09-03,8.06,09:54:46,买盘,7
376,2418,0.0,2018-09-03,8.06,09:54:49,买盘,3
377,20150,0.0,2018-09-03,8.06,09:54:55,卖盘,25
378,1612,0.0,2018-09-03,8.06,09:54:58,买盘,2
379,4030,0.0,2018-09-03,8.06,09:55:01,买盘,5
380,16120,0.0,2018-09-03,8.06,09:55:07,买盘,20
381,31434,0.0,2018-09-03,8.06,09:55:10,买盘,39
382,22568,0.0,2018-09-03,8.06,09:55:13,卖盘,28
383,8060,0.0,2018-09-03,8.06,09:55:19,卖盘,10
384,3232,0.02,2018-09-03,8.08,09:55:22,买盘,4
385,25848,0.0,2018-09-03,8.08,09:55:25,买盘,32
386,8080,0.0,2018-09-03,8.08,09:55:28,买盘,10
387,33937,0.01,2018-09-03,8.09,09:55:37,买盘,42
388,4043,0.0,2018-09-03,8.09,09:55:46,买盘,5
389,8090,0.0,2018-09-03,8.09,09:55:49,买盘,10
390,14559,0.0,2018-09-03,8.09,09:55:52,买盘,18
391,218984,-0.01,2018-09-03,8.08,09:55:55,卖盘,271
392,161664,0.0,2018-09-03,8.08,09:55:58,卖盘,200
393,4848,0.0,2018-09-03,8.08,09:56:00,卖盘,6
394,808,0.0,2018-09-03,8.08,09:56:04,买盘,1
395,9696,0.0,2018-09-03,8.08,09:56:10,买盘,12
396,16146,-0.01,2018-09-03,8.07,09:56:16,卖盘,20
397,1616,0.01,2018-09-03,8.08,09:56:19,买盘,2
398,810,0.02,2018-09-03,8.1,09:56:25,买盘,1
399,809,-0.01,2018-09-03,8.09,09:56:37,买盘,1
400,15352,-0.01,2018-09-03,8.08,09:56:40,卖盘,19
401,37168,0.0,2018-09-03,8.08,09:56:49,买盘,46
402,1616,0.0,2018-09-03,8.08,09:57:04,买盘,2
403,38776,0.0,2018-09-03,8.08,09:57:09,买盘,48
404,8080,0.0,2018-09-03,8.08,09:57:12,买盘,10
405,3232,0.0,2018-09-03,8.08,09:57:21,买盘,4
406,11307,0.0,2018-09-03,8.08,09:57:25,买盘,14
407,808,0.0,2018-09-03,8.08,09:57:31,买盘,1
408,12912,-0.01,2018-09-03,8.07,09:57:34,卖盘,16
409,40396,0.01,2018-09-03,8.08,09:57:37,买盘,50
410,105717,-0.01,2018-09-03,8.07,09:57:46,买盘,131
411,1614,0.0,2018-09-03,8.07,09:57:58,卖盘,2
412,1616,0.01,2018-09-03,8.08,09:58:01,买盘,2
413,83933,0.0,2018-09-03,8.08,09:58:07,买盘,104
414,12105,-0.01,2018-09-03,8.07,09:58:10,卖盘,15
415,7263,0.0,2018-09-03,8.07,09:58:12,卖盘,9
416,808,0.01,2018-09-03,8.08,09:58:16,买盘,1
417,13735,0.0,2018-09-03,8.08,09:58:19,买盘,17
418,7263,-0.01,2018-09-03,8.07,09:58:30,卖盘,9
419,38784,0.01,2018-09-03,8.08,09:58:40,买盘,48
420,9684,-0.01,2018-09-03,8.07,09:58:43,卖盘,12
421,2424,0.01,2018-09-03,8.08,09:58:49,买盘,3
422,807,-0.01,2018-09-03,8.07,09:58:52,卖盘,1
423,2424,0.01,2018-09-03,8.08,09:58:55,买盘,3
424,12928,0.0,2018-09-03,8.08,09:59:10,买盘,16
425,4035,-0.01,2018-09-03,8.07,09:59:15,卖盘,5
426,29052,0.0,2018-09-03,8.07,09:59:22,卖盘,36
427,1614,0.0,2018-09-03,8.07,09:59:25,卖盘,2
428,4040,0.01,2018-09-03,8.08,09:59:28,买盘,5
429,54136,0.0,2018-09-03,8.08,09:59:34,买盘,67
430,41196,-0.01,2018-09-03,8.07,09:59:37,卖盘,51
431,8070,0.0,2018-09-03,8.07,09:59:46,卖盘,10
432,808,0.01,2018-09-03,8.08,09:59:49,买盘,1
433,808,0.0,2018-09-03,8.08,10:00:10,买盘,1
434,24240,0.0,2018-09-03,8.08,10:00:12,买盘,30
435,2421,-0.01,2018-09-03,8.07,10:00:15,卖盘,3
436,46001,0.0,2018-09-03,8.07,10:00:22,卖盘,57
437,9696,0.01,2018-09-03,8.08,10:00:25,卖盘,12
438,16172,0.01,2018-09-03,8.09,10:00:28,买盘,20
439,15333,-0.02,2018-09-03,8.07,10:00:40,卖盘,19
440,2421,0.0,2018-09-03,8.07,10:00:46,卖盘,3
441,11298,0.0,2018-09-03,8.07,10:00:49,卖盘,14
442,8888,0.01,2018-09-03,8.08,10:00:57,买盘,11
443,9684,-0.01,2018-09-03,8.07,10:01:07,卖盘,12
444,55683,0.0,2018-09-03,8.07,10:01:13,买盘,69
445,16135,0.0,2018-09-03,8.07,10:01:16,买盘,20
446,20150,-0.01,2018-09-03,8.06,10:01:28,买盘,25
447,3228,0.01,2018-09-03,8.07,10:01:31,买盘,4
448,12090,-0.01,2018-09-03,8.06,10:01:33,卖盘,15
449,18538,0.0,2018-09-03,8.06,10:01:39,卖盘,23
450,40250,-0.01,2018-09-03,8.05,10:01:49,卖盘,50
451,10465,0.0,2018-09-03,8.05,10:01:51,卖盘,13
452,9660,0.0,2018-09-03,8.05,10:01:55,买盘,12
453,6440,0.0,2018-09-03,8.05,10:01:58,卖盘,8
454,92460,-0.01,2018-09-03,8.04,10:02:01,卖盘,115
455,14472,0.0,2018-09-03,8.04,10:02:04,卖盘,18
456,20100,0.0,2018-09-03,8.04,10:02:07,买盘,25
457,80300,-0.01,2018-09-03,8.03,10:02:09,卖盘,100
458,20904,0.02,2018-09-03,8.05,10:02:13,买盘,26
459,57037,-0.02,2018-09-03,8.03,10:02:16,卖盘,71
460,8030,0.0,2018-09-03,8.03,10:02:19,卖盘,10
461,10439,0.0,2018-09-03,8.03,10:02:22,卖盘,13
462,35332,0.0,2018-09-03,8.03,10:02:28,卖盘,44
463,803,0.0,2018-09-03,8.03,10:02:31,买盘,1
464,30478,-0.01,2018-09-03,8.02,10:02:39,卖盘,38
465,16040,0.0,2018-09-03,8.02,10:02:43,卖盘,20
466,157048,-0.01,2018-09-03,8.01,10:02:46,卖盘,196
467,48061,0.0,2018-09-03,8.01,10:02:52,卖盘,60
468,124034,-0.01,2018-09-03,8.0,10:02:55,卖盘,155
469,60895,0.0,2018-09-03,8.0,10:02:57,卖盘,76
470,119154,-0.03,2018-09-03,7.97,10:03:01,卖盘,149
471,1594,0.0,2018-09-03,7.97,10:03:04,买盘,2
472,29415,-0.03,2018-09-03,7.94,10:03:10,卖盘,37
473,15900,0.01,2018-09-03,7.95,10:03:16,卖盘,20
474,26998,-0.01,2018-09-03,7.94,10:03:19,卖盘,34
475,34142,0.0,2018-09-03,7.94,10:03:25,卖盘,43
476,19056,0.0,2018-09-03,7.94,10:03:27,买盘,24
477,20644,0.0,2018-09-03,7.94,10:03:31,卖盘,26
478,26235,0.01,2018-09-03,7.95,10:03:33,买盘,33
479,57973,-0.01,2018-09-03,7.94,10:03:37,卖盘,73
480,153876,-0.01,2018-09-03,7.93,10:03:40,卖盘,194
481,72123,-0.01,2018-09-03,7.92,10:03:46,卖盘,91
482,7137,0.01,2018-09-03,7.93,10:03:49,中性盘,9
483,45999,-0.01,2018-09-03,7.92,10:03:52,卖盘,58
484,70488,0.0,2018-09-03,7.92,10:03:55,卖盘,89
485,16612,0.0,2018-09-03,7.92,10:03:57,买盘,21
486,112434,0.0,2018-09-03,7.92,10:04:00,买盘,142
487,59349,0.01,2018-09-03,7.93,10:04:03,买盘,75
488,137658,-0.01,2018-09-03,7.92,10:04:06,卖盘,174
489,793,0.01,2018-09-03,7.93,10:04:10,买盘,1
490,42778,-0.01,2018-09-03,7.92,10:04:13,卖盘,54
491,41976,0.0,2018-09-03,7.92,10:04:16,买盘,53
492,27743,0.01,2018-09-03,7.93,10:04:19,买盘,35
493,17428,-0.01,2018-09-03,7.92,10:04:22,中性盘,22
494,68991,0.01,2018-09-03,7.93,10:04:28,买盘,87
495,52321,-0.01,2018-09-03,7.92,10:04:31,卖盘,66
496,28533,0.01,2018-09-03,7.93,10:04:34,中性盘,36
497,15062,-0.01,2018-09-03,7.92,10:04:37,卖盘,19
498,18239,0.01,2018-09-03,7.93,10:04:40,买盘,23
499,18239,0.0,2018-09-03,7.93,10:04:43,买盘,23
500,94367,0.0,2018-09-03,7.93,10:04:45,买盘,119
501,144162,0.0,2018-09-03,7.93,10:04:52,买盘,182
502,7927,-0.01,2018-09-03,7.92,10:04:55,中性盘,10
503,11878,-0.01,2018-09-03,7.91,10:04:58,卖盘,15
504,1583,0.01,2018-09-03,7.92,10:05:01,买盘,2
505,791,-0.01,2018-09-03,7.91,10:05:04,卖盘,1
506,24552,0.01,2018-09-03,7.92,10:05:07,买盘,31
507,28540,0.01,2018-09-03,7.93,10:05:10,买盘,36
508,19796,-0.01,2018-09-03,7.92,10:05:13,卖盘,25
509,16653,0.01,2018-09-03,7.93,10:05:19,买盘,21
510,64872,0.0,2018-09-03,7.93,10:05:21,买盘,82
511,19808,-0.01,2018-09-03,7.92,10:05:24,卖盘,25
512,13464,0.0,2018-09-03,7.92,10:05:27,买盘,17
513,22149,-0.01,2018-09-03,7.91,10:05:31,卖盘,28
514,97285,-0.01,2018-09-03,7.9,10:05:33,卖盘,123
515,15825,0.01,2018-09-03,7.91,10:05:36,中性盘,20
516,3955,0.0,2018-09-03,7.91,10:05:40,买盘,5
517,45047,0.0,2018-09-03,7.91,10:05:43,买盘,57
518,41882,-0.01,2018-09-03,7.9,10:05:46,卖盘,53
519,33212,0.01,2018-09-03,7.91,10:05:49,买盘,42
520,82168,-0.01,2018-09-03,7.9,10:05:52,卖盘,104
521,3164,0.01,2018-09-03,7.91,10:05:55,卖盘,4
522,124219,0.01,2018-09-03,7.92,10:05:58,买盘,157
523,3955,-0.01,2018-09-03,7.91,10:06:01,买盘,5
524,32435,0.0,2018-09-03,7.91,10:06:04,卖盘,41
525,12688,0.02,2018-09-03,7.93,10:06:16,买盘,16
526,7930,0.0,2018-09-03,7.93,10:06:21,卖盘,10
527,1588,0.01,2018-09-03,7.94,10:06:24,买盘,2
528,19825,-0.01,2018-09-03,7.93,10:06:28,卖盘,25
529,30134,0.0,2018-09-03,7.93,10:06:31,卖盘,38
530,15863,0.01,2018-09-03,7.94,10:06:33,买盘,20
531,16653,-0.01,2018-09-03,7.93,10:06:39,卖盘,21
532,38849,-0.01,2018-09-03,7.92,10:06:42,卖盘,49
533,13498,0.02,2018-09-03,7.94,10:06:46,买盘,17
534,1588,0.0,2018-09-03,7.94,10:06:49,买盘,2
535,3172,-0.01,2018-09-03,7.93,10:06:52,卖盘,4
536,71411,-0.01,2018-09-03,7.92,10:06:54,卖盘,90
537,29352,0.02,2018-09-03,7.94,10:06:58,买盘,37
538,10322,0.0,2018-09-03,7.94,10:07:01,买盘,13
539,7931,-0.01,2018-09-03,7.93,10:07:04,卖盘,10
540,23820,0.01,2018-09-03,7.94,10:07:07,买盘,30
541,25390,0.02,2018-09-03,7.96,10:07:10,买盘,32
542,10358,0.0,2018-09-03,7.96,10:07:13,卖盘,13
543,797,0.01,2018-09-03,7.97,10:07:16,买盘,1
544,9600,0.03,2018-09-03,8.0,10:07:25,买盘,12
545,29499,0.0,2018-09-03,8.0,10:07:28,买盘,37
546,6376,-0.03,2018-09-03,7.97,10:07:31,买盘,8
547,7170,0.0,2018-09-03,7.97,10:07:34,买盘,9
548,3188,0.0,2018-09-03,7.97,10:07:36,买盘,4
549,40647,0.0,2018-09-03,7.97,10:07:39,买盘,51
550,10361,0.0,2018-09-03,7.97,10:07:43,买盘,13
551,56521,-0.01,2018-09-03,7.96,10:07:46,卖盘,71
552,15143,0.01,2018-09-03,7.97,10:07:49,买盘,19
553,3188,0.0,2018-09-03,7.97,10:07:55,卖盘,4
554,3990,0.01,2018-09-03,7.98,10:08:01,买盘,5
555,3990,0.0,2018-09-03,7.98,10:08:04,买盘,5
556,6384,0.0,2018-09-03,7.98,10:08:07,买盘,8
557,2394,0.0,2018-09-03,7.98,10:08:13,卖盘,3
558,1598,0.01,2018-09-03,7.99,10:08:16,买盘,2
559,93416,-0.01,2018-09-03,7.98,10:08:19,卖盘,117
560,20754,0.0,2018-09-03,7.98,10:08:25,买盘,26
561,16753,0.02,2018-09-03,8.0,10:08:28,买盘,21
562,800,0.0,2018-09-03,8.0,10:08:31,买盘,1
563,39902,-0.02,2018-09-03,7.98,10:08:34,卖盘,50
564,3995,0.01,2018-09-03,7.99,10:08:37,中性盘,5
565,799,0.0,2018-09-03,7.99,10:08:40,买盘,1
566,11186,0.0,2018-09-03,7.99,10:08:43,买盘,14
567,10387,0.0,2018-09-03,7.99,10:08:46,卖盘,13
568,7990,0.0,2018-09-03,7.99,10:08:49,卖盘,10
569,5593,0.0,2018-09-03,7.99,10:08:52,卖盘,7
570,4000,0.01,2018-09-03,8.0,10:08:55,买盘,5
571,60724,-0.01,2018-09-03,7.99,10:08:58,卖盘,76
572,30370,0.0,2018-09-03,7.99,10:09:01,买盘,38
573,15980,0.0,2018-09-03,7.99,10:09:12,买盘,20
574,22350,0.0,2018-09-03,7.99,10:09:16,买盘,28
575,4794,0.0,2018-09-03,7.99,10:09:22,卖盘,6
576,25569,0.0,2018-09-03,7.99,10:09:28,卖盘,32
577,5600,0.01,2018-09-03,8.0,10:09:31,买盘,7
578,3200,0.0,2018-09-03,8.0,10:09:34,买盘,4
579,127980,0.0,2018-09-03,8.0,10:09:37,买盘,160
580,8800,0.0,2018-09-03,8.0,10:09:39,买盘,11
581,7990,-0.01,2018-09-03,7.99,10:09:42,卖盘,10
582,8000,0.01,2018-09-03,8.0,10:09:45,买盘,10
583,1600,0.0,2018-09-03,8.0,10:09:57,买盘,2
584,5600,0.0,2018-09-03,8.0,10:10:01,买盘,7
585,12790,0.0,2018-09-03,8.0,10:10:04,买盘,16
586,10395,-0.01,2018-09-03,7.99,10:10:07,卖盘,13
587,16000,0.01,2018-09-03,8.0,10:10:10,买盘,20
588,7200,0.0,2018-09-03,8.0,10:10:13,买盘,9
589,10400,0.0,2018-09-03,8.0,10:10:16,买盘,13
590,39151,-0.01,2018-09-03,7.99,10:10:19,卖盘,49
591,35068,-0.02,2018-09-03,7.97,10:10:25,卖盘,44
592,2391,0.0,2018-09-03,7.97,10:10:28,卖盘,3
593,797,0.0,2018-09-03,7.97,10:10:31,买盘,1
594,5579,0.0,2018-09-03,7.97,10:10:34,买盘,7
595,797,0.0,2018-09-03,7.97,10:10:46,卖盘,1
596,6376,0.0,2018-09-03,7.97,10:10:52,卖盘,8
597,6376,0.0,2018-09-03,7.97,10:10:55,卖盘,8
598,797,0.0,2018-09-03,7.97,10:11:01,买盘,1
599,3985,0.0,2018-09-03,7.97,10:11:04,买盘,5
600,797,0.0,2018-09-03,7.97,10:11:07,买盘,1
601,17514,0.0,2018-09-03,7.97,10:11:10,买盘,22
602,11955,0.0,2018-09-03,7.97,10:11:21,卖盘,15
603,11955,0.0,2018-09-03,7.97,10:11:24,卖盘,15
604,9567,0.01,2018-09-03,7.98,10:11:28,买盘,12
605,1596,0.0,2018-09-03,7.98,10:11:33,买盘,2
606,7970,-0.01,2018-09-03,7.97,10:11:46,卖盘,10
607,11968,0.0,2018-09-03,7.97,10:11:49,卖盘,15
608,4786,0.0,2018-09-03,7.97,10:11:55,卖盘,6
609,8767,0.0,2018-09-03,7.97,10:11:58,卖盘,11
610,7975,0.01,2018-09-03,7.98,10:12:01,买盘,10
611,23142,0.0,2018-09-03,7.98,10:12:04,买盘,29
612,7980,0.0,2018-09-03,7.98,10:12:09,买盘,10
613,10374,0.0,2018-09-03,7.98,10:12:13,买盘,13
614,23940,0.0,2018-09-03,7.98,10:12:22,买盘,30
615,35910,0.0,2018-09-03,7.98,10:12:28,买盘,45
616,3192,0.0,2018-09-03,7.98,10:12:31,卖盘,4
617,52784,0.02,2018-09-03,8.0,10:12:33,买盘,66
618,800,0.0,2018-09-03,8.0,10:12:40,卖盘,1
619,2403,0.01,2018-09-03,8.01,10:12:49,买盘,3
620,8010,0.0,2018-09-03,8.01,10:12:57,买盘,10
621,3208,0.01,2018-09-03,8.02,10:13:01,买盘,4
622,4807,-0.01,2018-09-03,8.01,10:13:04,卖盘,6
623,1604,0.01,2018-09-03,8.02,10:13:06,买盘,2
624,6413,-0.01,2018-09-03,8.01,10:13:12,卖盘,8
625,4812,0.01,2018-09-03,8.02,10:13:16,买盘,6
626,4005,-0.01,2018-09-03,8.01,10:13:28,卖盘,5
627,10421,0.01,2018-09-03,8.02,10:13:31,买盘,13
628,801,-0.01,2018-09-03,8.01,10:13:34,卖盘,1
629,7218,0.01,2018-09-03,8.02,10:13:43,买盘,9
630,16040,0.0,2018-09-03,8.02,10:13:49,买盘,20
631,801,-0.01,2018-09-03,8.01,10:13:55,卖盘,1
632,4812,0.01,2018-09-03,8.02,10:14:01,买盘,6
633,6408,-0.01,2018-09-03,8.01,10:14:13,卖盘,8
634,8822,0.01,2018-09-03,8.02,10:14:15,买盘,11
635,1604,0.0,2018-09-03,8.02,10:14:18,买盘,2
636,46482,-0.01,2018-09-03,8.01,10:14:28,卖盘,58
637,2406,0.01,2018-09-03,8.02,10:14:31,买盘,3
638,4010,0.0,2018-09-03,8.02,10:14:34,买盘,5
639,802,0.0,2018-09-03,8.02,10:14:43,买盘,1
640,24862,0.0,2018-09-03,8.02,10:14:48,买盘,31
641,76095,-0.01,2018-09-03,8.01,10:14:51,卖盘,95
642,8000,-0.01,2018-09-03,8.0,10:14:55,卖盘,10
643,1600,0.0,2018-09-03,8.0,10:14:58,买盘,2
644,3200,0.0,2018-09-03,8.0,10:15:00,买盘,4
645,2400,0.0,2018-09-03,8.0,10:15:04,买盘,3
646,4000,0.0,2018-09-03,8.0,10:15:06,买盘,5
647,4795,0.0,2018-09-03,8.0,10:15:25,买盘,6
648,4000,0.0,2018-09-03,8.0,10:15:28,买盘,5
649,7200,0.0,2018-09-03,8.0,10:15:31,买盘,9
650,23940,-0.02,2018-09-03,7.98,10:15:34,卖盘,30
651,7980,0.0,2018-09-03,7.98,10:15:46,卖盘,10
652,15960,0.0,2018-09-03,7.98,10:15:58,卖盘,20
653,1600,0.02,2018-09-03,8.0,10:16:01,买盘,2
654,4800,0.0,2018-09-03,8.0,10:16:04,买盘,6
655,800,0.0,2018-09-03,8.0,10:16:07,买盘,1
656,15960,-0.02,2018-09-03,7.98,10:16:13,卖盘,20
657,1596,0.0,2018-09-03,7.98,10:16:16,卖盘,2
658,33516,0.0,2018-09-03,7.98,10:16:18,卖盘,42
659,16737,-0.01,2018-09-03,7.97,10:16:22,卖盘,21
660,8767,0.0,2018-09-03,7.97,10:16:30,买盘,11
661,2391,0.0,2018-09-03,7.97,10:16:33,买盘,3
662,8767,0.0,2018-09-03,7.97,10:16:42,卖盘,11
663,5579,0.0,2018-09-03,7.97,10:16:45,卖盘,7
664,16746,0.0,2018-09-03,7.97,10:16:49,卖盘,21
665,24738,0.01,2018-09-03,7.98,10:16:51,买盘,31
666,2391,-0.01,2018-09-03,7.97,10:17:04,买盘,3
667,3188,0.0,2018-09-03,7.97,10:17:06,买盘,4
668,3188,0.0,2018-09-03,7.97,10:17:12,买盘,4
669,9564,0.0,2018-09-03,7.97,10:17:16,买盘,12
670,15940,0.0,2018-09-03,7.97,10:17:28,卖盘,20
671,6384,0.01,2018-09-03,7.98,10:17:31,买盘,8
672,6379,0.0,2018-09-03,7.98,10:17:34,买盘,8
673,1596,0.0,2018-09-03,7.98,10:17:43,卖盘,2
674,15980,0.01,2018-09-03,7.99,10:17:51,买盘,20
675,1596,-0.01,2018-09-03,7.98,10:17:58,卖盘,2
676,3200,0.02,2018-09-03,8.0,10:18:00,买盘,4
677,800,0.0,2018-09-03,8.0,10:18:04,买盘,1
678,5590,-0.02,2018-09-03,7.98,10:18:06,卖盘,7
679,800,0.02,2018-09-03,8.0,10:18:16,买盘,1
680,1600,0.0,2018-09-03,8.0,10:18:30,买盘,2
681,3200,0.0,2018-09-03,8.0,10:18:33,买盘,4
682,30336,-0.02,2018-09-03,7.98,10:18:36,卖盘,38
683,8000,0.02,2018-09-03,8.0,10:18:39,买盘,10
684,3196,-0.01,2018-09-03,7.99,10:18:48,卖盘,4
685,11985,0.0,2018-09-03,7.99,10:18:51,买盘,15
686,3995,0.0,2018-09-03,7.99,10:19:04,买盘,5
687,1598,0.0,2018-09-03,7.99,10:19:07,买盘,2
688,8778,-0.01,2018-09-03,7.98,10:19:10,卖盘,11
689,3196,0.01,2018-09-03,7.99,10:19:22,买盘,4
690,3995,0.0,2018-09-03,7.99,10:19:31,买盘,5
691,1598,0.0,2018-09-03,7.99,10:19:34,买盘,2
692,17578,0.0,2018-09-03,7.99,10:19:57,买盘,22
693,7993,0.0,2018-09-03,7.99,10:20:04,卖盘,10
694,4000,0.01,2018-09-03,8.0,10:20:07,买盘,5
695,799,-0.01,2018-09-03,7.99,10:20:12,卖盘,1
696,8000,0.01,2018-09-03,8.0,10:20:22,买盘,10
697,28000,0.0,2018-09-03,8.0,10:20:28,买盘,35
698,4796,0.0,2018-09-03,8.0,10:20:31,买盘,6
699,4800,0.0,2018-09-03,8.0,10:20:33,买盘,6
700,799,-0.01,2018-09-03,7.99,10:20:37,卖盘,1
701,1598,0.0,2018-09-03,7.99,10:20:43,卖盘,2
702,8000,0.01,2018-09-03,8.0,10:20:45,买盘,10
703,22400,0.0,2018-09-03,8.0,10:20:51,买盘,28
704,7193,-0.01,2018-09-03,7.99,10:21:00,卖盘,9
705,7196,0.01,2018-09-03,8.0,10:21:03,买盘,9
706,43186,-0.01,2018-09-03,7.99,10:21:13,卖盘,54
707,1600,0.01,2018-09-03,8.0,10:21:19,买盘,2
708,21600,0.0,2018-09-03,8.0,10:21:31,买盘,27
709,8000,0.0,2018-09-03,8.0,10:21:34,卖盘,10
710,20800,0.0,2018-09-03,8.0,10:21:52,卖盘,26
711,12800,0.0,2018-09-03,8.0,10:21:55,卖盘,16
712,1602,0.01,2018-09-03,8.01,10:22:01,买盘,2
713,4806,0.0,2018-09-03,8.01,10:22:04,买盘,6
714,8000,-0.01,2018-09-03,8.0,10:22:06,卖盘,10
715,20000,0.0,2018-09-03,8.0,10:22:18,卖盘,25
716,19200,0.0,2018-09-03,8.0,10:22:22,卖盘,24
717,7200,0.0,2018-09-03,8.0,10:22:25,卖盘,9
718,1602,0.01,2018-09-03,8.01,10:22:31,买盘,2
719,4005,0.0,2018-09-03,8.01,10:22:34,买盘,5
720,801,0.0,2018-09-03,8.01,10:22:51,买盘,1
721,12816,0.0,2018-09-03,8.01,10:22:55,买盘,16
722,30440,0.01,2018-09-03,8.02,10:23:01,买盘,38
723,4812,0.0,2018-09-03,8.02,10:23:04,买盘,6
724,8010,-0.01,2018-09-03,8.01,10:23:06,卖盘,10
725,2406,0.01,2018-09-03,8.02,10:23:15,买盘,3
726,2403,-0.01,2018-09-03,8.01,10:23:18,卖盘,3
727,30438,0.0,2018-09-03,8.01,10:23:21,买盘,38
728,4005,0.0,2018-09-03,8.01,10:23:24,买盘,5
729,3204,0.0,2018-09-03,8.01,10:23:30,买盘,4
730,2403,0.0,2018-09-03,8.01,10:23:33,买盘,3
731,2403,0.0,2018-09-03,8.01,10:23:36,买盘,3
732,8010,0.0,2018-09-03,8.01,10:23:39,买盘,10
733,6408,0.0,2018-09-03,8.01,10:24:01,买盘,8
734,2403,0.0,2018-09-03,8.01,10:24:04,买盘,3
735,2403,0.0,2018-09-03,8.01,10:24:07,买盘,3
736,2403,0.0,2018-09-03,8.01,10:24:09,买盘,3
737,1602,0.0,2018-09-03,8.01,10:24:31,买盘,2
738,23206,-0.01,2018-09-03,8.0,10:24:33,卖盘,29
739,801,0.01,2018-09-03,8.01,10:24:43,买盘,1
740,1600,-0.01,2018-09-03,8.0,10:24:46,卖盘,2
741,1600,0.0,2018-09-03,8.0,10:25:00,买盘,2
742,8790,-0.01,2018-09-03,7.99,10:25:04,卖盘,11
743,4794,0.0,2018-09-03,7.99,10:25:09,买盘,6
744,11186,0.0,2018-09-03,7.99,10:25:13,买盘,14
745,2397,0.0,2018-09-03,7.99,10:25:18,买盘,3
746,5600,0.01,2018-09-03,8.0,10:25:28,买盘,7
747,2400,0.0,2018-09-03,8.0,10:25:31,买盘,3
748,3204,0.01,2018-09-03,8.01,10:25:34,买盘,4
749,8000,-0.01,2018-09-03,8.0,10:25:46,卖盘,10
750,799,-0.01,2018-09-03,7.99,10:25:52,卖盘,1
751,20800,0.01,2018-09-03,8.0,10:25:55,买盘,26
752,4800,0.0,2018-09-03,8.0,10:26:01,买盘,6
753,1600,0.0,2018-09-03,8.0,10:26:04,买盘,2
754,20766,-0.02,2018-09-03,7.98,10:26:10,卖盘,26
755,25536,0.0,2018-09-03,7.98,10:26:16,卖盘,32
756,78106,-0.01,2018-09-03,7.97,10:26:25,卖盘,98
757,7970,0.0,2018-09-03,7.97,10:26:31,买盘,10
758,4782,0.0,2018-09-03,7.97,10:26:34,买盘,6
759,11144,-0.01,2018-09-03,7.96,10:26:40,卖盘,14
760,43780,0.0,2018-09-03,7.96,10:26:43,卖盘,55
761,33432,0.0,2018-09-03,7.96,10:26:46,卖盘,42
762,54810,-0.02,2018-09-03,7.94,10:26:55,卖盘,69
763,15093,0.0,2018-09-03,7.94,10:27:00,卖盘,19
764,30927,-0.01,2018-09-03,7.93,10:27:04,卖盘,39
765,11884,0.0,2018-09-03,7.93,10:27:10,买盘,15
766,32514,0.0,2018-09-03,7.93,10:27:12,卖盘,41
767,119631,-0.01,2018-09-03,7.92,10:27:18,卖盘,151
768,27720,0.0,2018-09-03,7.92,10:27:21,买盘,35
769,23760,0.0,2018-09-03,7.92,10:27:28,买盘,30
770,3168,0.0,2018-09-03,7.92,10:27:31,买盘,4
771,7128,0.0,2018-09-03,7.92,10:27:40,卖盘,9
772,15860,0.01,2018-09-03,7.93,10:27:46,买盘,20
773,19825,0.0,2018-09-03,7.93,10:27:48,买盘,25
774,15860,0.0,2018-09-03,7.93,10:27:52,卖盘,20
775,24583,0.0,2018-09-03,7.93,10:27:58,卖盘,31
776,115632,-0.01,2018-09-03,7.92,10:28:01,买盘,146
777,1584,0.0,2018-09-03,7.92,10:28:04,买盘,2
778,103752,0.0,2018-09-03,7.92,10:28:06,买盘,131
779,55523,0.02,2018-09-03,7.94,10:28:16,买盘,70
780,15877,-0.01,2018-09-03,7.93,10:28:31,卖盘,20
781,1592,0.03,2018-09-03,7.96,10:28:34,买盘,2
782,796,0.0,2018-09-03,7.96,10:28:42,买盘,1
783,794,-0.02,2018-09-03,7.94,10:28:45,卖盘,1
784,1592,0.02,2018-09-03,7.96,10:29:01,买盘,2
785,3184,0.0,2018-09-03,7.96,10:29:04,买盘,4
786,1592,0.0,2018-09-03,7.96,10:29:13,买盘,2
787,1592,0.0,2018-09-03,7.96,10:29:16,买盘,2
788,3980,0.0,2018-09-03,7.96,10:29:21,卖盘,5
789,7960,0.0,2018-09-03,7.96,10:29:28,卖盘,10
790,3188,0.01,2018-09-03,7.97,10:29:31,买盘,4
791,2391,0.0,2018-09-03,7.97,10:29:34,买盘,3
792,7173,0.0,2018-09-03,7.97,10:29:40,买盘,9
793,2391,0.0,2018-09-03,7.97,10:29:58,买盘,3
794,1598,0.02,2018-09-03,7.99,10:30:00,买盘,2
795,3192,-0.01,2018-09-03,7.98,10:30:04,中性盘,4
796,2392,-0.01,2018-09-03,7.97,10:30:06,卖盘,3
797,798,0.01,2018-09-03,7.98,10:30:31,买盘,1
798,4788,0.0,2018-09-03,7.98,10:30:39,卖盘,6
799,17534,-0.01,2018-09-03,7.97,10:30:46,卖盘,22
800,37459,0.0,2018-09-03,7.97,10:30:48,卖盘,47
801,3990,0.01,2018-09-03,7.98,10:31:01,买盘,5
802,1596,0.0,2018-09-03,7.98,10:31:04,买盘,2
803,35112,0.0,2018-09-03,7.98,10:31:16,买盘,44
804,39900,0.0,2018-09-03,7.98,10:31:24,卖盘,50
805,3995,0.01,2018-09-03,7.99,10:31:31,买盘,5
806,13574,-0.01,2018-09-03,7.98,10:31:40,卖盘,17
807,3192,0.0,2018-09-03,7.98,10:31:43,卖盘,4
808,7980,0.0,2018-09-03,7.98,10:31:58,卖盘,10
809,1598,0.01,2018-09-03,7.99,10:32:01,买盘,2
810,3196,0.0,2018-09-03,7.99,10:32:04,买盘,4
811,7980,-0.01,2018-09-03,7.98,10:32:07,卖盘,10
812,7182,0.0,2018-09-03,7.98,10:32:09,买盘,9
813,3985,-0.01,2018-09-03,7.97,10:32:22,卖盘,5
814,136287,0.0,2018-09-03,7.97,10:32:25,卖盘,171
815,797,0.0,2018-09-03,7.97,10:32:28,买盘,1
816,1594,0.0,2018-09-03,7.97,10:32:31,买盘,2
817,7155,-0.02,2018-09-03,7.95,10:32:33,卖盘,9
818,3180,0.0,2018-09-03,7.95,10:32:40,卖盘,4
819,395462,-0.05,2018-09-03,7.9,10:32:49,卖盘,500
820,1592,0.06,2018-09-03,7.96,10:32:58,买盘,2
821,39750,-0.01,2018-09-03,7.95,10:33:04,卖盘,50
822,36380,-0.05,2018-09-03,7.9,10:33:10,卖盘,46
823,3955,0.01,2018-09-03,7.91,10:33:22,卖盘,5
824,1586,0.02,2018-09-03,7.93,10:33:28,买盘,2
825,8712,-0.01,2018-09-03,7.92,10:33:34,卖盘,11
826,51435,-0.01,2018-09-03,7.91,10:33:49,卖盘,65
827,3950,-0.01,2018-09-03,7.9,10:33:57,卖盘,5
828,1580,0.0,2018-09-03,7.9,10:34:00,买盘,2
829,2370,0.0,2018-09-03,7.9,10:34:04,买盘,3
830,8690,0.0,2018-09-03,7.9,10:34:07,买盘,11
831,1580,0.0,2018-09-03,7.9,10:34:10,买盘,2
832,27660,0.01,2018-09-03,7.91,10:34:12,买盘,35
833,1580,-0.01,2018-09-03,7.9,10:34:15,中性盘,2
834,73480,0.0,2018-09-03,7.9,10:34:19,卖盘,93
835,59250,0.0,2018-09-03,7.9,10:34:22,买盘,75
836,7900,0.0,2018-09-03,7.9,10:34:25,卖盘,10
837,15029,0.01,2018-09-03,7.91,10:34:28,买盘,19
838,10282,-0.01,2018-09-03,7.9,10:34:31,卖盘,13
839,65630,0.01,2018-09-03,7.91,10:34:34,买盘,83
840,5544,0.01,2018-09-03,7.92,10:34:37,买盘,7
841,10320,0.03,2018-09-03,7.95,10:34:39,买盘,13
842,792,-0.03,2018-09-03,7.92,10:34:43,卖盘,1
843,8712,0.0,2018-09-03,7.92,10:34:49,卖盘,11
844,26928,0.0,2018-09-03,7.92,10:34:54,买盘,34
845,3975,0.03,2018-09-03,7.95,10:35:00,买盘,5
846,2385,0.0,2018-09-03,7.95,10:35:09,卖盘,3
847,1590,0.0,2018-09-03,7.95,10:35:31,买盘,2
848,2379,-0.02,2018-09-03,7.93,10:35:37,卖盘,3
849,23013,0.02,2018-09-03,7.95,10:35:43,买盘,29
850,23790,-0.02,2018-09-03,7.93,10:35:49,卖盘,30
851,21411,0.0,2018-09-03,7.93,10:35:55,买盘,27
852,18235,-0.01,2018-09-03,7.92,10:36:01,卖盘,23
853,6336,0.0,2018-09-03,7.92,10:36:04,卖盘,8
854,793,0.01,2018-09-03,7.93,10:36:13,买盘,1
855,1586,0.0,2018-09-03,7.93,10:36:19,买盘,2
856,49104,-0.01,2018-09-03,7.92,10:36:22,卖盘,62
857,1584,0.0,2018-09-03,7.92,10:36:27,买盘,2
858,2376,0.0,2018-09-03,7.92,10:36:31,买盘,3
859,11088,0.0,2018-09-03,7.92,10:36:34,买盘,14
860,57816,0.0,2018-09-03,7.92,10:36:37,买盘,73
861,7930,0.01,2018-09-03,7.93,10:36:55,买盘,10
862,8725,0.0,2018-09-03,7.93,10:37:01,卖盘,11
863,20644,0.01,2018-09-03,7.94,10:37:04,买盘,26
864,2382,0.0,2018-09-03,7.94,10:37:07,买盘,3
865,73042,0.0,2018-09-03,7.94,10:37:10,买盘,92
866,64377,0.01,2018-09-03,7.95,10:37:16,买盘,81
867,135150,0.0,2018-09-03,7.95,10:37:19,买盘,170
868,3975,0.0,2018-09-03,7.95,10:37:22,买盘,5
869,3180,0.0,2018-09-03,7.95,10:37:25,卖盘,4
870,10348,0.01,2018-09-03,7.96,10:37:30,买盘,13
871,1592,0.0,2018-09-03,7.96,10:37:33,买盘,2
872,3980,0.0,2018-09-03,7.96,10:37:40,买盘,5
873,795,-0.01,2018-09-03,7.95,10:37:43,卖盘,1
874,11940,0.01,2018-09-03,7.96,10:37:46,买盘,15
875,20696,0.0,2018-09-03,7.96,10:37:55,卖盘,26
876,23880,0.0,2018-09-03,7.96,10:38:01,买盘,30
877,4776,0.0,2018-09-03,7.96,10:38:07,卖盘,6
878,51688,-0.01,2018-09-03,7.95,10:38:09,卖盘,65
879,15124,0.01,2018-09-03,7.96,10:38:19,买盘,19
880,18285,-0.01,2018-09-03,7.95,10:38:24,卖盘,23
881,89114,0.01,2018-09-03,7.96,10:38:34,买盘,112
882,62726,-0.02,2018-09-03,7.94,10:38:36,卖盘,79
883,1588,0.0,2018-09-03,7.94,10:38:43,买盘,2
884,8734,0.0,2018-09-03,7.94,10:38:55,买盘,11
885,26202,0.0,2018-09-03,7.94,10:39:07,买盘,33
886,65108,0.0,2018-09-03,7.94,10:39:16,卖盘,82
887,794,0.0,2018-09-03,7.94,10:39:24,买盘,1
888,3180,0.01,2018-09-03,7.95,10:39:43,买盘,4
889,67490,-0.01,2018-09-03,7.94,10:39:54,卖盘,85
890,6352,0.0,2018-09-03,7.94,10:39:57,买盘,8
891,794,0.0,2018-09-03,7.94,10:40:15,买盘,1
892,13498,0.0,2018-09-03,7.94,10:40:18,买盘,17
893,4764,0.0,2018-09-03,7.94,10:40:36,卖盘,6
894,796,0.02,2018-09-03,7.96,10:40:40,买盘,1
895,7146,-0.02,2018-09-03,7.94,10:40:49,卖盘,9
896,795,0.01,2018-09-03,7.95,10:40:52,买盘,1
897,2385,0.0,2018-09-03,7.95,10:40:55,买盘,3
898,795,0.0,2018-09-03,7.95,10:41:27,买盘,1
899,38955,0.0,2018-09-03,7.95,10:41:36,卖盘,49
900,7950,0.0,2018-09-03,7.95,10:41:42,买盘,10
901,4770,0.0,2018-09-03,7.95,10:41:45,买盘,6
902,27860,0.01,2018-09-03,7.96,10:42:01,买盘,35
903,3970,-0.02,2018-09-03,7.94,10:42:04,卖盘,5
904,1592,0.02,2018-09-03,7.96,10:42:10,买盘,2
905,80396,0.0,2018-09-03,7.96,10:42:13,买盘,101
906,26268,0.0,2018-09-03,7.96,10:42:25,卖盘,33
907,6352,-0.02,2018-09-03,7.94,10:42:39,卖盘,8
908,1590,0.01,2018-09-03,7.95,10:42:45,买盘,2
909,161014,-0.03,2018-09-03,7.92,10:42:48,卖盘,203
910,14257,0.0,2018-09-03,7.92,10:43:06,卖盘,18
911,794,0.02,2018-09-03,7.94,10:43:13,买盘,1
912,7940,0.0,2018-09-03,7.94,10:43:51,卖盘,10
913,15880,0.0,2018-09-03,7.94,10:43:57,卖盘,20
914,18244,-0.01,2018-09-03,7.93,10:44:03,卖盘,23
915,21411,0.0,2018-09-03,7.93,10:44:13,卖盘,27
916,6352,0.01,2018-09-03,7.94,10:44:24,买盘,8
917,4764,0.0,2018-09-03,7.94,10:44:48,买盘,6
918,32554,0.0,2018-09-03,7.94,10:45:01,买盘,41
919,33306,-0.01,2018-09-03,7.93,10:45:04,卖盘,42
920,13498,0.01,2018-09-03,7.94,10:45:12,买盘,17
921,55449,-0.02,2018-09-03,7.92,10:45:24,卖盘,70
922,31680,0.0,2018-09-03,7.92,10:45:37,卖盘,40
923,33264,0.0,2018-09-03,7.92,10:45:40,买盘,42
924,2373,-0.01,2018-09-03,7.91,10:45:49,卖盘,3
925,3168,0.01,2018-09-03,7.92,10:45:51,买盘,4
926,10283,-0.01,2018-09-03,7.91,10:45:58,卖盘,13
927,124187,0.0,2018-09-03,7.91,10:46:01,卖盘,157
928,2373,0.0,2018-09-03,7.91,10:46:10,买盘,3
929,2376,0.01,2018-09-03,7.92,10:46:13,买盘,3
930,7900,-0.02,2018-09-03,7.9,10:46:18,卖盘,10
931,31650,0.02,2018-09-03,7.92,10:46:37,买盘,40
932,19008,0.0,2018-09-03,7.92,10:46:46,买盘,24
933,8701,-0.01,2018-09-03,7.91,10:46:57,卖盘,11
934,792,0.01,2018-09-03,7.92,10:47:01,买盘,1
935,1584,0.0,2018-09-03,7.92,10:47:09,买盘,2
936,11088,0.0,2018-09-03,7.92,10:47:12,买盘,14
937,31640,-0.01,2018-09-03,7.91,10:47:15,卖盘,40
938,28476,0.0,2018-09-03,7.91,10:47:18,卖盘,36
939,22176,0.01,2018-09-03,7.92,10:47:22,买盘,28
940,793,0.01,2018-09-03,7.93,10:47:31,买盘,1
941,4758,0.0,2018-09-03,7.93,10:47:34,买盘,6
942,7920,-0.01,2018-09-03,7.92,10:47:40,卖盘,10
943,1588,0.02,2018-09-03,7.94,10:47:43,买盘,2
944,7940,0.0,2018-09-03,7.94,10:47:52,买盘,10
945,9528,0.0,2018-09-03,7.94,10:48:06,买盘,12
946,3180,0.01,2018-09-03,7.95,10:48:24,买盘,4
947,794,-0.01,2018-09-03,7.94,10:48:30,卖盘,1
948,3176,0.0,2018-09-03,7.94,10:48:36,买盘,4
949,3172,-0.01,2018-09-03,7.93,10:49:01,卖盘,4
950,3970,0.01,2018-09-03,7.94,10:49:07,卖盘,5
951,4764,0.0,2018-09-03,7.94,10:49:10,买盘,6
952,793,-0.01,2018-09-03,7.93,10:49:13,卖盘,1
953,3975,0.02,2018-09-03,7.95,10:49:40,买盘,5
954,7958,0.01,2018-09-03,7.96,10:49:43,买盘,10
955,6368,0.0,2018-09-03,7.96,10:50:21,买盘,8
956,15920,0.0,2018-09-03,7.96,10:50:43,买盘,20
957,7960,0.0,2018-09-03,7.96,10:50:49,买盘,10
958,11939,-0.01,2018-09-03,7.95,10:50:58,卖盘,15
959,3180,0.0,2018-09-03,7.95,10:51:07,卖盘,4
960,23136,0.03,2018-09-03,7.98,10:51:21,买盘,29
961,7980,0.0,2018-09-03,7.98,10:51:24,卖盘,10
962,22344,0.0,2018-09-03,7.98,10:51:45,卖盘,28
963,1594,-0.01,2018-09-03,7.97,10:52:04,卖盘,2
964,25535,0.01,2018-09-03,7.98,10:52:10,买盘,32
965,10348,-0.02,2018-09-03,7.96,10:52:25,卖盘,13
966,28656,0.0,2018-09-03,7.96,10:52:28,买盘,36
967,25472,0.0,2018-09-03,7.96,10:52:34,买盘,32
968,4782,0.01,2018-09-03,7.97,10:52:52,买盘,6
969,7960,-0.01,2018-09-03,7.96,10:52:58,卖盘,10
970,3980,0.0,2018-09-03,7.96,10:53:04,卖盘,5
971,39800,0.0,2018-09-03,7.96,10:53:10,卖盘,50
972,5574,0.01,2018-09-03,7.97,10:53:12,买盘,7
973,3985,0.0,2018-09-03,7.97,10:53:37,买盘,5
974,5586,0.01,2018-09-03,7.98,10:53:51,卖盘,7
975,6376,-0.01,2018-09-03,7.97,10:54:01,卖盘,8
976,798,0.01,2018-09-03,7.98,10:54:09,买盘,1
977,5586,0.0,2018-09-03,7.98,10:54:15,买盘,7
978,7980,0.0,2018-09-03,7.98,10:54:18,卖盘,10
979,7182,0.0,2018-09-03,7.98,10:54:21,卖盘,9
980,11970,0.0,2018-09-03,7.98,10:54:28,卖盘,15
981,9576,0.0,2018-09-03,7.98,10:54:33,卖盘,12
982,799,0.01,2018-09-03,7.99,10:55:12,买盘,1
983,11176,-0.01,2018-09-03,7.98,10:55:15,卖盘,14
984,8779,0.01,2018-09-03,7.99,10:55:21,买盘,11
985,21573,0.0,2018-09-03,7.99,10:55:36,买盘,27
986,5586,-0.01,2018-09-03,7.98,10:55:48,卖盘,7
987,1596,0.0,2018-09-03,7.98,10:55:54,买盘,2
988,50166,-0.02,2018-09-03,7.96,10:55:58,卖盘,63
989,3188,0.01,2018-09-03,7.97,10:56:06,卖盘,4
990,3990,0.01,2018-09-03,7.98,10:56:18,买盘,5
991,7980,0.0,2018-09-03,7.98,10:56:31,卖盘,10
992,11172,0.0,2018-09-03,7.98,10:56:54,卖盘,14
993,2391,-0.01,2018-09-03,7.97,10:57:18,卖盘,3
994,3985,0.0,2018-09-03,7.97,10:57:24,卖盘,5
995,15940,0.0,2018-09-03,7.97,10:57:30,卖盘,20
996,15938,-0.01,2018-09-03,7.96,10:57:54,卖盘,20
997,11969,0.02,2018-09-03,7.98,10:58:12,买盘,15
998,2394,0.0,2018-09-03,7.98,10:58:22,买盘,3
999,47043,0.01,2018-09-03,7.99,10:58:27,买盘,59
1000,798,-0.01,2018-09-03,7.98,10:59:09,买盘,1
1001,132810,-0.03,2018-09-03,7.95,10:59:21,卖盘,167
1002,7155,0.0,2018-09-03,7.95,10:59:30,卖盘,9
1003,13515,0.0,2018-09-03,7.95,11:00:09,卖盘,17
1004,50148,0.01,2018-09-03,7.96,11:00:18,买盘,63
1005,7164,0.0,2018-09-03,7.96,11:00:24,买盘,9
1006,7960,0.0,2018-09-03,7.96,11:00:30,买盘,10
1007,3980,0.0,2018-09-03,7.96,11:00:39,买盘,5
1008,2388,0.0,2018-09-03,7.96,11:00:49,买盘,3
1009,8756,0.0,2018-09-03,7.96,11:00:52,买盘,11
1010,1592,0.0,2018-09-03,7.96,11:00:57,买盘,2
1011,2385,-0.01,2018-09-03,7.95,11:01:18,卖盘,3
1012,16716,0.01,2018-09-03,7.96,11:01:30,买盘,21
1013,58035,-0.01,2018-09-03,7.95,11:01:33,卖盘,73
1014,2382,-0.01,2018-09-03,7.94,11:01:48,卖盘,3
1015,794,0.0,2018-09-03,7.94,11:01:54,卖盘,1
1016,1588,0.0,2018-09-03,7.94,11:02:28,卖盘,2
1017,26996,0.0,2018-09-03,7.94,11:02:36,卖盘,34
1018,15900,0.01,2018-09-03,7.95,11:02:39,买盘,20
1019,794,-0.01,2018-09-03,7.94,11:02:51,卖盘,1
1020,795,0.01,2018-09-03,7.95,11:03:09,买盘,1
1021,3975,0.0,2018-09-03,7.95,11:03:12,买盘,5
1022,7940,-0.01,2018-09-03,7.94,11:03:54,卖盘,10
1023,795,0.01,2018-09-03,7.95,11:04:00,买盘,1
1024,1590,0.0,2018-09-03,7.95,11:04:03,买盘,2
1025,11925,0.0,2018-09-03,7.95,11:04:06,买盘,15
1026,15900,0.0,2018-09-03,7.95,11:04:21,买盘,20
1027,2385,0.0,2018-09-03,7.95,11:05:01,卖盘,3
1028,3970,-0.01,2018-09-03,7.94,11:05:30,卖盘,5
1029,1592,0.02,2018-09-03,7.96,11:05:49,买盘,2
1030,33369,-0.02,2018-09-03,7.94,11:05:57,卖盘,42
1031,77080,0.02,2018-09-03,7.96,11:06:00,买盘,97
1032,6368,0.0,2018-09-03,7.96,11:06:09,买盘,8
1033,17468,-0.02,2018-09-03,7.94,11:06:33,卖盘,22
1034,4766,0.0,2018-09-03,7.94,11:06:36,卖盘,6
1035,3176,0.0,2018-09-03,7.94,11:07:36,卖盘,4
1036,3970,0.0,2018-09-03,7.94,11:07:54,卖盘,5
1037,17468,0.0,2018-09-03,7.94,11:08:03,卖盘,22
1038,15920,0.02,2018-09-03,7.96,11:08:27,买盘,20
1039,796,0.0,2018-09-03,7.96,11:08:33,买盘,1
1040,796,0.0,2018-09-03,7.96,11:09:16,买盘,1
1041,7940,-0.02,2018-09-03,7.94,11:09:18,卖盘,10
1042,1590,0.01,2018-09-03,7.95,11:09:45,卖盘,2
1043,795,0.0,2018-09-03,7.95,11:10:06,买盘,1
1044,795,0.0,2018-09-03,7.95,11:10:15,买盘,1
1045,795,0.0,2018-09-03,7.95,11:10:18,买盘,1
1046,6352,-0.01,2018-09-03,7.94,11:10:30,卖盘,8
1047,3180,0.01,2018-09-03,7.95,11:10:48,买盘,4
1048,15900,0.0,2018-09-03,7.95,11:10:51,买盘,20
1049,796,0.01,2018-09-03,7.96,11:11:06,买盘,1
1050,3184,0.0,2018-09-03,7.96,11:11:10,买盘,4
1051,3975,-0.01,2018-09-03,7.95,11:11:12,卖盘,5
1052,795,0.0,2018-09-03,7.95,11:11:19,卖盘,1
1053,3180,0.0,2018-09-03,7.95,11:11:21,卖盘,4
1054,37462,0.03,2018-09-03,7.98,11:11:24,买盘,47
1055,3991,0.0,2018-09-03,7.98,11:11:36,卖盘,5
1056,19176,0.01,2018-09-03,7.99,11:11:51,买盘,24
1057,799,0.0,2018-09-03,7.99,11:12:06,买盘,1
1058,12768,-0.01,2018-09-03,7.98,11:12:15,卖盘,16
1059,34314,0.0,2018-09-03,7.98,11:12:22,卖盘,43
1060,797,-0.01,2018-09-03,7.97,11:12:40,买盘,1
1061,796,-0.01,2018-09-03,7.96,11:12:52,卖盘,1
1062,23140,0.03,2018-09-03,7.99,11:12:54,买盘,29
1063,7191,0.0,2018-09-03,7.99,11:13:39,买盘,9
1064,1596,-0.01,2018-09-03,7.98,11:14:06,卖盘,2
1065,2388,-0.02,2018-09-03,7.96,11:14:48,卖盘,3
1066,796,0.0,2018-09-03,7.96,11:14:55,买盘,1
1067,3985,0.01,2018-09-03,7.97,11:15:39,买盘,5
1068,7164,-0.01,2018-09-03,7.96,11:16:00,卖盘,9
1069,5572,0.0,2018-09-03,7.96,11:16:15,卖盘,7
1070,13532,0.0,2018-09-03,7.96,11:16:36,卖盘,17
1071,2385,-0.01,2018-09-03,7.95,11:16:48,卖盘,3
1072,3180,0.0,2018-09-03,7.95,11:16:51,卖盘,4
1073,2385,0.0,2018-09-03,7.95,11:17:09,卖盘,3
1074,795,0.0,2018-09-03,7.95,11:17:18,卖盘,1
1075,22260,0.0,2018-09-03,7.95,11:17:34,卖盘,28
1076,2385,0.0,2018-09-03,7.95,11:18:06,买盘,3
1077,3970,-0.01,2018-09-03,7.94,11:18:13,卖盘,5
1078,8723,-0.01,2018-09-03,7.93,11:18:54,卖盘,11
1079,8723,0.0,2018-09-03,7.93,11:19:00,卖盘,11
1080,15860,0.0,2018-09-03,7.93,11:19:04,卖盘,20
1081,1586,0.0,2018-09-03,7.93,11:19:07,卖盘,2
1082,19850,0.01,2018-09-03,7.94,11:19:10,中性盘,25
1083,8723,-0.01,2018-09-03,7.93,11:19:31,卖盘,11
1084,4758,0.0,2018-09-03,7.93,11:19:49,买盘,6
1085,793,0.0,2018-09-03,7.93,11:19:52,买盘,1
1086,4752,-0.01,2018-09-03,7.92,11:19:57,卖盘,6
1087,3964,0.0,2018-09-03,7.92,11:20:09,卖盘,5
1088,60984,0.0,2018-09-03,7.92,11:20:22,卖盘,77
1089,42768,0.0,2018-09-03,7.92,11:20:34,卖盘,54
1090,31680,0.0,2018-09-03,7.92,11:20:40,卖盘,40
1091,2373,-0.01,2018-09-03,7.91,11:20:52,卖盘,3
1092,3960,0.01,2018-09-03,7.92,11:20:55,买盘,5
1093,792,0.0,2018-09-03,7.92,11:21:07,买盘,1
1094,12656,-0.01,2018-09-03,7.91,11:21:10,卖盘,16
1095,7910,0.0,2018-09-03,7.91,11:21:37,卖盘,10
1096,7110,-0.01,2018-09-03,7.9,11:21:40,卖盘,9
1097,49833,0.01,2018-09-03,7.91,11:21:46,买盘,63
1098,791,0.0,2018-09-03,7.91,11:21:54,买盘,1
1099,124820,-0.01,2018-09-03,7.9,11:22:01,卖盘,158
1100,3156,-0.01,2018-09-03,7.89,11:22:07,卖盘,4
1101,1578,0.0,2018-09-03,7.89,11:22:13,卖盘,2
1102,2370,0.01,2018-09-03,7.9,11:22:16,买盘,3
1103,170312,-0.02,2018-09-03,7.88,11:22:19,卖盘,216
1104,21276,0.0,2018-09-03,7.88,11:22:22,卖盘,27
1105,14177,-0.01,2018-09-03,7.87,11:22:24,卖盘,18
1106,1574,0.0,2018-09-03,7.87,11:22:28,卖盘,2
1107,5509,0.0,2018-09-03,7.87,11:22:34,卖盘,7
1108,3935,0.0,2018-09-03,7.87,11:22:37,卖盘,5
1109,170259,-0.05,2018-09-03,7.82,11:22:40,卖盘,217
1110,7830,0.01,2018-09-03,7.83,11:22:49,中性盘,10
1111,64207,0.0,2018-09-03,7.83,11:22:57,卖盘,82
1112,21245,0.04,2018-09-03,7.87,11:23:06,买盘,27
1113,9444,0.0,2018-09-03,7.87,11:23:13,卖盘,12
1114,788,0.01,2018-09-03,7.88,11:23:16,买盘,1
1115,787,-0.01,2018-09-03,7.87,11:23:22,卖盘,1
1116,1576,0.01,2018-09-03,7.88,11:23:25,买盘,2
1117,10236,-0.01,2018-09-03,7.87,11:23:28,卖盘,13
1118,7872,0.0,2018-09-03,7.87,11:23:31,卖盘,10
1119,787,0.0,2018-09-03,7.87,11:23:34,买盘,1
1120,18101,0.0,2018-09-03,7.87,11:23:51,买盘,23
1121,23610,0.0,2018-09-03,7.87,11:24:12,卖盘,30
1122,789,0.02,2018-09-03,7.89,11:24:30,买盘,1
1123,7101,0.0,2018-09-03,7.89,11:24:33,买盘,9
1124,2367,0.0,2018-09-03,7.89,11:24:46,卖盘,3
1125,18936,0.0,2018-09-03,7.89,11:24:58,卖盘,24
1126,1578,0.0,2018-09-03,7.89,11:25:03,买盘,2
1127,7101,0.0,2018-09-03,7.89,11:25:09,买盘,9
1128,27615,0.0,2018-09-03,7.89,11:25:12,买盘,35
1129,4740,0.01,2018-09-03,7.9,11:25:21,买盘,6
1130,11845,0.0,2018-09-03,7.9,11:25:24,买盘,15
1131,7900,0.0,2018-09-03,7.9,11:25:31,买盘,10
1132,790,0.0,2018-09-03,7.9,11:25:37,买盘,1
1133,26070,0.0,2018-09-03,7.9,11:25:40,买盘,33
1134,9502,0.01,2018-09-03,7.91,11:25:49,卖盘,12
1135,63300,0.0,2018-09-03,7.91,11:25:51,卖盘,80
1136,7910,0.0,2018-09-03,7.91,11:25:58,卖盘,10
1137,3955,0.0,2018-09-03,7.91,11:26:09,卖盘,5
1138,10283,0.0,2018-09-03,7.91,11:26:12,买盘,13
1139,7110,-0.01,2018-09-03,7.9,11:26:19,卖盘,9
1140,1581,0.01,2018-09-03,7.91,11:26:22,买盘,2
1141,30058,0.0,2018-09-03,7.91,11:26:37,买盘,38
1142,15800,-0.01,2018-09-03,7.9,11:26:43,卖盘,20
1143,3164,0.01,2018-09-03,7.91,11:26:49,买盘,4
1144,1582,0.0,2018-09-03,7.91,11:26:52,买盘,2
1145,6327,-0.01,2018-09-03,7.9,11:27:01,卖盘,8
1146,790,0.0,2018-09-03,7.9,11:27:04,卖盘,1
1147,2373,0.01,2018-09-03,7.91,11:27:19,卖盘,3
1148,6328,0.0,2018-09-03,7.91,11:27:31,卖盘,8
1149,10296,0.01,2018-09-03,7.92,11:27:42,买盘,13
1150,3965,0.01,2018-09-03,7.93,11:28:19,买盘,5
1151,7920,-0.01,2018-09-03,7.92,11:28:25,卖盘,10
1152,41236,0.01,2018-09-03,7.93,11:28:30,买盘,52
1153,27785,0.01,2018-09-03,7.94,11:28:40,买盘,35
1154,15067,-0.01,2018-09-03,7.93,11:28:46,中性盘,19
1155,29355,0.0,2018-09-03,7.93,11:28:55,中性盘,37
1156,134977,0.0,2018-09-03,7.93,11:29:04,卖盘,170
1157,3172,0.0,2018-09-03,7.93,11:29:06,卖盘,4
1158,87868,-0.01,2018-09-03,7.92,13:00:04,买盘,111
1159,3164,-0.01,2018-09-03,7.91,13:00:18,卖盘,4
1160,7119,0.0,2018-09-03,7.91,13:00:31,卖盘,9
1161,791,0.0,2018-09-03,7.91,13:00:45,卖盘,1
1162,4746,0.0,2018-09-03,7.91,13:01:09,买盘,6
1163,790,-0.01,2018-09-03,7.9,13:01:34,卖盘,1
1164,8690,0.0,2018-09-03,7.9,13:01:42,卖盘,11
1165,790,0.0,2018-09-03,7.9,13:02:03,卖盘,1
1166,10283,0.01,2018-09-03,7.91,13:02:09,买盘,13
1167,790,-0.01,2018-09-03,7.9,13:02:15,卖盘,1
1168,3160,0.0,2018-09-03,7.9,13:02:18,卖盘,4
1169,6328,0.01,2018-09-03,7.91,13:02:36,买盘,8
1170,9480,-0.01,2018-09-03,7.9,13:02:48,卖盘,12
1171,19775,0.01,2018-09-03,7.91,13:03:04,买盘,25
1172,2373,0.0,2018-09-03,7.91,13:03:12,卖盘,3
1173,3160,-0.01,2018-09-03,7.9,13:03:18,卖盘,4
1174,3960,0.02,2018-09-03,7.92,13:03:30,买盘,5
1175,3955,-0.01,2018-09-03,7.91,13:03:39,卖盘,5
1176,4746,0.0,2018-09-03,7.91,13:04:42,卖盘,6
1177,7920,0.01,2018-09-03,7.92,13:04:45,买盘,10
1178,790,-0.02,2018-09-03,7.9,13:05:12,卖盘,1
1179,2373,0.01,2018-09-03,7.91,13:05:15,买盘,3
1180,3960,0.01,2018-09-03,7.92,13:05:24,买盘,5
1181,791,-0.01,2018-09-03,7.91,13:05:27,卖盘,1
1182,791,0.0,2018-09-03,7.91,13:05:57,卖盘,1
1183,5537,0.0,2018-09-03,7.91,13:06:18,卖盘,7
1184,792,0.01,2018-09-03,7.92,13:06:21,买盘,1
1185,48251,-0.01,2018-09-03,7.91,13:06:27,卖盘,61
1186,34804,0.0,2018-09-03,7.91,13:07:01,买盘,44
1187,7119,0.0,2018-09-03,7.91,13:07:04,卖盘,9
1188,1582,0.0,2018-09-03,7.91,13:07:40,买盘,2
1189,6328,0.0,2018-09-03,7.91,13:07:48,买盘,8
1190,7119,0.0,2018-09-03,7.91,13:08:15,卖盘,9
1191,176960,-0.01,2018-09-03,7.9,13:08:33,卖盘,224
1192,790,0.0,2018-09-03,7.9,13:08:36,卖盘,1
1193,7092,-0.02,2018-09-03,7.88,13:08:42,卖盘,9
1194,1576,0.0,2018-09-03,7.88,13:08:54,卖盘,2
1195,3152,0.0,2018-09-03,7.88,13:09:06,卖盘,4
1196,3160,0.02,2018-09-03,7.9,13:09:21,买盘,4
1197,1576,-0.02,2018-09-03,7.88,13:09:24,卖盘,2
1198,25216,0.0,2018-09-03,7.88,13:09:27,卖盘,32
1199,12608,0.0,2018-09-03,7.88,13:09:30,卖盘,16
1200,33096,0.0,2018-09-03,7.88,13:09:39,卖盘,42
1201,11820,0.0,2018-09-03,7.88,13:09:51,买盘,15
1202,3940,0.0,2018-09-03,7.88,13:10:00,买盘,5
1203,19700,0.0,2018-09-03,7.88,13:10:18,买盘,25
1204,11820,0.0,2018-09-03,7.88,13:10:21,卖盘,15
1205,11032,0.0,2018-09-03,7.88,13:10:24,买盘,14
1206,789,0.01,2018-09-03,7.89,13:11:30,卖盘,1
1207,25280,0.01,2018-09-03,7.9,13:11:33,买盘,32
1208,790,0.0,2018-09-03,7.9,13:11:39,买盘,1
1209,13430,0.0,2018-09-03,7.9,13:11:45,买盘,17
1210,11046,-0.01,2018-09-03,7.89,13:11:54,卖盘,14
1211,23670,0.0,2018-09-03,7.89,13:11:57,买盘,30
1212,3945,0.0,2018-09-03,7.89,13:12:04,买盘,5
1213,789,0.0,2018-09-03,7.89,13:12:06,买盘,1
1214,20514,0.0,2018-09-03,7.89,13:12:12,买盘,26
1215,789,0.0,2018-09-03,7.89,13:12:18,卖盘,1
1216,3945,0.0,2018-09-03,7.89,13:12:27,卖盘,5
1217,3156,0.0,2018-09-03,7.89,13:12:33,买盘,4
1218,39440,0.0,2018-09-03,7.89,13:12:39,买盘,50
1219,789,0.0,2018-09-03,7.89,13:12:43,买盘,1
1220,790,0.01,2018-09-03,7.9,13:12:54,买盘,1
1221,11835,-0.01,2018-09-03,7.89,13:12:57,卖盘,15
1222,97017,-0.01,2018-09-03,7.88,13:13:04,卖盘,123
1223,789,0.01,2018-09-03,7.89,13:13:06,买盘,1
1224,7101,0.0,2018-09-03,7.89,13:13:12,买盘,9
1225,1578,0.0,2018-09-03,7.89,13:13:15,买盘,2
1226,5523,0.0,2018-09-03,7.89,13:13:24,卖盘,7
1227,14202,0.0,2018-09-03,7.89,13:13:27,卖盘,18
1228,4740,0.01,2018-09-03,7.9,13:13:36,买盘,6
1229,10257,-0.01,2018-09-03,7.89,13:13:42,卖盘,13
1230,1580,0.01,2018-09-03,7.9,13:13:48,买盘,2
1231,6312,-0.01,2018-09-03,7.89,13:14:00,卖盘,8
1232,2367,0.0,2018-09-03,7.89,13:14:06,卖盘,3
1233,7890,0.0,2018-09-03,7.89,13:14:09,买盘,10
1234,16569,0.0,2018-09-03,7.89,13:14:18,买盘,21
1235,790,0.01,2018-09-03,7.9,13:14:21,买盘,1
1236,18960,0.0,2018-09-03,7.9,13:14:39,买盘,24
1237,10270,0.0,2018-09-03,7.9,13:14:57,买盘,13
1238,790,0.0,2018-09-03,7.9,13:15:04,卖盘,1
1239,3950,0.0,2018-09-03,7.9,13:15:15,卖盘,5
1240,10283,0.01,2018-09-03,7.91,13:15:18,买盘,13
1241,3955,0.0,2018-09-03,7.91,13:15:51,买盘,5
1242,3950,-0.01,2018-09-03,7.9,13:16:33,买盘,5
1243,47340,-0.01,2018-09-03,7.89,13:16:51,卖盘,60
1244,790,0.01,2018-09-03,7.9,13:16:57,买盘,1
1245,790,0.0,2018-09-03,7.9,13:17:12,买盘,1
1246,22890,0.0,2018-09-03,7.9,13:17:36,买盘,29
1247,1578,-0.01,2018-09-03,7.89,13:17:51,卖盘,2
1248,789,0.0,2018-09-03,7.89,13:17:55,买盘,1
1249,39400,-0.01,2018-09-03,7.88,13:18:01,卖盘,50
1250,788,0.0,2018-09-03,7.88,13:18:09,卖盘,1
1251,788,0.0,2018-09-03,7.88,13:18:30,卖盘,1
1252,14184,0.0,2018-09-03,7.88,13:18:33,卖盘,18
1253,33884,0.0,2018-09-03,7.88,13:18:42,买盘,43
1254,11032,0.0,2018-09-03,7.88,13:18:45,买盘,14
1255,41764,0.0,2018-09-03,7.88,13:18:48,买盘,53
1256,7880,0.0,2018-09-03,7.88,13:18:51,买盘,10
1257,788,0.0,2018-09-03,7.88,13:18:54,买盘,1
1258,1576,0.0,2018-09-03,7.88,13:18:57,买盘,2
1259,30702,0.0,2018-09-03,7.88,13:19:04,买盘,39
1260,15760,0.0,2018-09-03,7.88,13:19:07,买盘,20
1261,2364,0.0,2018-09-03,7.88,13:19:10,买盘,3
1262,2364,0.0,2018-09-03,7.88,13:19:12,买盘,3
1263,3945,0.01,2018-09-03,7.89,13:19:21,买盘,5
1264,6312,0.0,2018-09-03,7.89,13:19:31,卖盘,8
1265,3156,0.0,2018-09-03,7.89,13:19:37,卖盘,4
1266,6320,0.01,2018-09-03,7.9,13:19:52,买盘,8
1267,7110,0.0,2018-09-03,7.9,13:19:57,买盘,9
1268,3945,-0.01,2018-09-03,7.89,13:20:01,卖盘,5
1269,27646,0.01,2018-09-03,7.9,13:20:04,买盘,35
1270,3950,0.0,2018-09-03,7.9,13:20:18,买盘,5
1271,6328,0.01,2018-09-03,7.91,13:20:52,买盘,8
1272,37055,-0.03,2018-09-03,7.88,13:21:06,卖盘,47
1273,2366,0.02,2018-09-03,7.9,13:21:52,买盘,3
1274,46492,-0.02,2018-09-03,7.88,13:22:04,卖盘,59
1275,4728,0.0,2018-09-03,7.88,13:22:15,卖盘,6
1276,7890,0.01,2018-09-03,7.89,13:22:24,买盘,10
1277,2367,0.0,2018-09-03,7.89,13:22:36,卖盘,3
1278,9468,0.0,2018-09-03,7.89,13:22:54,卖盘,12
1279,7890,0.0,2018-09-03,7.89,13:23:16,卖盘,10
1280,790,0.01,2018-09-03,7.9,13:23:19,买盘,1
1281,14992,-0.01,2018-09-03,7.89,13:24:07,卖盘,19
1282,18147,0.0,2018-09-03,7.89,13:24:09,买盘,23
1283,76436,-0.01,2018-09-03,7.88,13:24:55,卖盘,97
1284,52070,0.0,2018-09-03,7.88,13:24:57,卖盘,66
1285,7083,-0.01,2018-09-03,7.87,13:25:00,卖盘,9
1286,35416,0.0,2018-09-03,7.87,13:25:09,卖盘,45
1287,3152,0.01,2018-09-03,7.88,13:25:24,买盘,4
1288,2364,0.0,2018-09-03,7.88,13:25:27,中性盘,3
1289,20514,0.01,2018-09-03,7.89,13:25:33,买盘,26
1290,24428,-0.01,2018-09-03,7.88,13:25:36,卖盘,31
1291,2364,0.0,2018-09-03,7.88,13:25:39,买盘,3
1292,10244,0.0,2018-09-03,7.88,13:25:49,卖盘,13
1293,7890,0.01,2018-09-03,7.89,13:25:55,买盘,10
1294,788,-0.01,2018-09-03,7.88,13:25:58,卖盘,1
1295,3152,0.0,2018-09-03,7.88,13:26:10,卖盘,4
1296,8679,0.01,2018-09-03,7.89,13:26:15,买盘,11
1297,156222,0.0,2018-09-03,7.89,13:26:18,买盘,198
1298,6320,0.01,2018-09-03,7.9,13:26:22,买盘,8
1299,52930,0.0,2018-09-03,7.9,13:26:28,买盘,67
1300,3955,0.01,2018-09-03,7.91,13:26:34,买盘,5
1301,43505,0.0,2018-09-03,7.91,13:26:39,买盘,55
1302,791,0.0,2018-09-03,7.91,13:26:45,买盘,1
1303,791,0.0,2018-09-03,7.91,13:26:51,买盘,1
1304,6328,0.0,2018-09-03,7.91,13:27:00,买盘,8
1305,3164,0.0,2018-09-03,7.91,13:27:07,卖盘,4
1306,15048,0.01,2018-09-03,7.92,13:27:19,买盘,19
1307,792,0.0,2018-09-03,7.92,13:27:27,买盘,1
1308,4752,0.0,2018-09-03,7.92,13:27:40,买盘,6
1309,1584,0.0,2018-09-03,7.92,13:27:48,卖盘,2
1310,3960,0.0,2018-09-03,7.92,13:28:00,买盘,5
1311,17424,0.0,2018-09-03,7.92,13:28:07,卖盘,22
1312,7920,0.0,2018-09-03,7.92,13:28:15,卖盘,10
1313,7920,0.0,2018-09-03,7.92,13:28:19,卖盘,10
1314,2379,0.01,2018-09-03,7.93,13:28:33,买盘,3
1315,792,-0.01,2018-09-03,7.92,13:28:36,卖盘,1
1316,1584,0.0,2018-09-03,7.92,13:28:45,卖盘,2
1317,37224,0.0,2018-09-03,7.92,13:29:04,卖盘,47
1318,791,-0.01,2018-09-03,7.91,13:29:49,卖盘,1
1319,6328,0.0,2018-09-03,7.91,13:29:52,卖盘,8
1320,15840,0.01,2018-09-03,7.92,13:30:00,买盘,20
1321,3960,0.0,2018-09-03,7.92,13:30:06,买盘,5
1322,6328,-0.01,2018-09-03,7.91,13:30:13,卖盘,8
1323,31640,0.0,2018-09-03,7.91,13:30:18,卖盘,40
1324,36386,0.0,2018-09-03,7.91,13:30:21,卖盘,46
1325,40341,0.0,2018-09-03,7.91,13:30:34,买盘,51
1326,21357,0.0,2018-09-03,7.91,13:30:37,卖盘,27
1327,1582,0.0,2018-09-03,7.91,13:31:18,买盘,2
1328,3160,-0.01,2018-09-03,7.9,13:31:37,卖盘,4
1329,1582,0.01,2018-09-03,7.91,13:31:54,买盘,2
1330,12640,-0.01,2018-09-03,7.9,13:32:04,卖盘,16
1331,121775,0.0,2018-09-03,7.9,13:32:19,卖盘,154
1332,11850,0.0,2018-09-03,7.9,13:32:45,卖盘,15
1333,7900,0.0,2018-09-03,7.9,13:33:30,卖盘,10
1334,11060,0.0,2018-09-03,7.9,13:33:36,卖盘,14
1335,87690,0.0,2018-09-03,7.9,13:33:48,买盘,111
1336,7910,0.01,2018-09-03,7.91,13:33:57,买盘,10
1337,26860,-0.01,2018-09-03,7.9,13:34:09,卖盘,34
1338,790,0.0,2018-09-03,7.9,13:34:15,卖盘,1
1339,3955,0.01,2018-09-03,7.91,13:34:24,买盘,5
1340,7910,0.0,2018-09-03,7.91,13:34:39,买盘,10
1341,7900,-0.01,2018-09-03,7.9,13:34:48,卖盘,10
1342,10270,0.0,2018-09-03,7.9,13:34:51,卖盘,13
1343,2370,0.0,2018-09-03,7.9,13:35:15,卖盘,3
1344,791,0.01,2018-09-03,7.91,13:35:18,买盘,1
1345,30058,0.0,2018-09-03,7.91,13:35:40,买盘,38
1346,36394,-0.01,2018-09-03,7.9,13:35:43,卖盘,46
1347,3952,0.01,2018-09-03,7.91,13:36:30,买盘,5
1348,22939,0.0,2018-09-03,7.91,13:37:09,卖盘,29
1349,791,0.0,2018-09-03,7.91,13:37:16,买盘,1
1350,35595,0.0,2018-09-03,7.91,13:37:21,买盘,45
1351,3168,0.01,2018-09-03,7.92,13:38:01,买盘,4
1352,22964,-0.01,2018-09-03,7.91,13:38:13,卖盘,29
1353,5544,0.01,2018-09-03,7.92,13:38:22,买盘,7
1354,30145,0.02,2018-09-03,7.94,13:38:25,买盘,38
1355,1586,-0.01,2018-09-03,7.93,13:38:43,买盘,2
1356,792,-0.01,2018-09-03,7.92,13:38:45,卖盘,1
1357,7940,0.02,2018-09-03,7.94,13:38:54,买盘,10
1358,172304,0.01,2018-09-03,7.95,13:38:57,买盘,217
1359,10335,0.0,2018-09-03,7.95,13:39:19,买盘,13
1360,49290,0.0,2018-09-03,7.95,13:39:31,买盘,62
1361,14310,0.0,2018-09-03,7.95,13:39:34,卖盘,18
1362,2385,0.0,2018-09-03,7.95,13:39:49,买盘,3
1363,796,0.01,2018-09-03,7.96,13:40:04,买盘,1
1364,15920,0.0,2018-09-03,7.96,13:40:10,卖盘,20
1365,2388,0.0,2018-09-03,7.96,13:40:19,买盘,3
1366,4776,0.0,2018-09-03,7.96,13:40:31,买盘,6
1367,3975,-0.01,2018-09-03,7.95,13:40:34,卖盘,5
1368,11144,0.01,2018-09-03,7.96,13:40:43,买盘,14
1369,9552,0.0,2018-09-03,7.96,13:40:46,买盘,12
1370,10348,0.0,2018-09-03,7.96,13:40:49,买盘,13
1371,20696,0.0,2018-09-03,7.96,13:40:52,买盘,26
1372,7950,-0.01,2018-09-03,7.95,13:41:01,卖盘,10
1373,31800,0.0,2018-09-03,7.95,13:41:27,卖盘,40
1374,8745,0.0,2018-09-03,7.95,13:41:42,卖盘,11
1375,11925,0.0,2018-09-03,7.95,13:41:49,卖盘,15
1376,3176,-0.01,2018-09-03,7.94,13:42:01,卖盘,4
1377,1590,0.01,2018-09-03,7.95,13:42:10,买盘,2
1378,795,0.0,2018-09-03,7.95,13:42:28,买盘,1
1379,11910,-0.01,2018-09-03,7.94,13:42:31,卖盘,15
1380,3970,0.0,2018-09-03,7.94,13:42:48,卖盘,5
1381,1588,0.0,2018-09-03,7.94,13:42:57,卖盘,2
1382,1590,0.01,2018-09-03,7.95,13:43:00,买盘,2
1383,794,-0.01,2018-09-03,7.94,13:43:16,卖盘,1
1384,47640,0.0,2018-09-03,7.94,13:43:18,卖盘,60
1385,12720,0.01,2018-09-03,7.95,13:43:54,买盘,16
1386,5572,0.01,2018-09-03,7.96,13:44:07,买盘,7
1387,13515,-0.01,2018-09-03,7.95,13:44:12,卖盘,17
1388,90960,0.04,2018-09-03,7.99,13:44:27,买盘,114
1389,30374,0.01,2018-09-03,8.0,13:44:33,买盘,38
1390,6392,-0.01,2018-09-03,7.99,13:44:40,买盘,8
1391,797,-0.02,2018-09-03,7.97,13:45:07,卖盘,1
1392,5579,0.0,2018-09-03,7.97,13:45:12,买盘,7
1393,14351,0.01,2018-09-03,7.98,13:45:19,买盘,18
1394,22372,0.01,2018-09-03,7.99,13:45:37,买盘,28
1395,3196,0.0,2018-09-03,7.99,13:45:54,卖盘,4
1396,5593,0.0,2018-09-03,7.99,13:45:57,卖盘,7
1397,33558,0.0,2018-09-03,7.99,13:46:01,卖盘,42
1398,799,0.0,2018-09-03,7.99,13:46:13,卖盘,1
1399,35910,-0.01,2018-09-03,7.98,13:46:16,卖盘,45
1400,7990,0.01,2018-09-03,7.99,13:46:28,买盘,10
1401,6384,-0.01,2018-09-03,7.98,13:46:31,卖盘,8
1402,22364,0.01,2018-09-03,7.99,13:46:52,买盘,28
1403,44693,-0.01,2018-09-03,7.98,13:46:57,卖盘,56
1404,3985,-0.01,2018-09-03,7.97,13:47:31,买盘,5
1405,796,-0.01,2018-09-03,7.96,13:47:33,卖盘,1
1406,1594,0.01,2018-09-03,7.97,13:47:48,买盘,2
1407,7182,0.01,2018-09-03,7.98,13:47:57,买盘,9
1408,7980,0.0,2018-09-03,7.98,13:48:00,卖盘,10
1409,798,0.0,2018-09-03,7.98,13:48:10,卖盘,1
1410,798,0.0,2018-09-03,7.98,13:48:19,买盘,1
1411,798,0.0,2018-09-03,7.98,13:48:25,卖盘,1
1412,22326,-0.01,2018-09-03,7.97,13:48:28,卖盘,28
1413,797,0.0,2018-09-03,7.97,13:48:31,买盘,1
1414,6376,0.0,2018-09-03,7.97,13:48:39,买盘,8
1415,797,0.0,2018-09-03,7.97,13:48:48,买盘,1
1416,25504,0.0,2018-09-03,7.97,13:49:30,卖盘,32
1417,797,0.0,2018-09-03,7.97,13:49:33,买盘,1
1418,60572,0.0,2018-09-03,7.97,13:49:45,买盘,76
1419,796,-0.01,2018-09-03,7.96,13:49:48,卖盘,1
1420,22308,0.01,2018-09-03,7.97,13:50:37,买盘,28
1421,7164,-0.01,2018-09-03,7.96,13:50:40,卖盘,9
1422,60572,0.01,2018-09-03,7.97,13:50:43,买盘,76
1423,30320,0.02,2018-09-03,7.99,13:50:46,买盘,38
1424,7970,-0.02,2018-09-03,7.97,13:52:00,卖盘,10
1425,5579,0.0,2018-09-03,7.97,13:52:07,卖盘,7
1426,6384,0.01,2018-09-03,7.98,13:52:57,卖盘,8
1427,3192,0.0,2018-09-03,7.98,13:53:09,卖盘,4
1428,4794,0.01,2018-09-03,7.99,13:53:22,买盘,6
1429,8789,0.0,2018-09-03,7.99,13:53:27,买盘,11
1430,4794,0.0,2018-09-03,7.99,13:53:39,买盘,6
1431,3995,0.0,2018-09-03,7.99,13:54:04,买盘,5
1432,1596,-0.01,2018-09-03,7.98,13:54:15,卖盘,2
1433,7990,0.01,2018-09-03,7.99,13:54:34,买盘,10
1434,3990,-0.01,2018-09-03,7.98,13:54:39,卖盘,5
1435,15162,0.0,2018-09-03,7.98,13:54:42,卖盘,19
1436,798,0.0,2018-09-03,7.98,13:54:46,买盘,1
1437,6384,0.0,2018-09-03,7.98,13:54:52,卖盘,8
1438,128610,0.01,2018-09-03,7.99,13:55:01,买盘,161
1439,800,0.01,2018-09-03,8.0,13:55:34,买盘,1
1440,108000,0.0,2018-09-03,8.0,13:55:37,买盘,135
1441,2397,-0.01,2018-09-03,7.99,13:55:39,卖盘,3
1442,16000,0.01,2018-09-03,8.0,13:56:01,买盘,20
1443,8795,-0.01,2018-09-03,7.99,13:56:27,卖盘,11
1444,799,0.0,2018-09-03,7.99,13:56:30,卖盘,1
1445,3995,0.0,2018-09-03,7.99,13:56:51,卖盘,5
1446,47940,0.0,2018-09-03,7.99,13:56:55,卖盘,60
1447,3995,0.0,2018-09-03,7.99,13:57:06,卖盘,5
1448,53533,0.0,2018-09-03,7.99,13:57:10,卖盘,67
1449,154207,0.0,2018-09-03,7.99,13:57:13,卖盘,193
1450,798,-0.01,2018-09-03,7.98,13:57:31,卖盘,1
1451,6376,-0.01,2018-09-03,7.97,13:57:42,卖盘,8
1452,23113,0.0,2018-09-03,7.97,13:57:55,卖盘,29
1453,27905,0.01,2018-09-03,7.98,13:58:04,买盘,35
1454,799,0.01,2018-09-03,7.99,13:58:06,买盘,1
1455,19152,-0.01,2018-09-03,7.98,13:58:12,卖盘,24
1456,2394,0.0,2018-09-03,7.98,13:58:24,买盘,3
1457,3985,-0.01,2018-09-03,7.97,13:58:42,卖盘,5
1458,797,0.0,2018-09-03,7.97,13:58:45,卖盘,1
1459,15940,0.0,2018-09-03,7.97,13:58:49,卖盘,20
1460,798,0.01,2018-09-03,7.98,13:58:54,买盘,1
1461,2394,0.0,2018-09-03,7.98,13:58:57,买盘,3
1462,2394,0.0,2018-09-03,7.98,13:59:00,买盘,3
1463,79891,0.01,2018-09-03,7.99,13:59:04,买盘,100
1464,44744,0.0,2018-09-03,7.99,13:59:09,买盘,56
1465,1598,0.0,2018-09-03,7.99,13:59:21,买盘,2
1466,1598,0.0,2018-09-03,7.99,13:59:28,买盘,2
1467,3995,0.0,2018-09-03,7.99,13:59:39,买盘,5
1468,2397,0.0,2018-09-03,7.99,13:59:54,卖盘,3
1469,30400,0.01,2018-09-03,8.0,14:00:06,买盘,38
1470,3995,-0.01,2018-09-03,7.99,14:00:24,卖盘,5
1471,11186,0.0,2018-09-03,7.99,14:00:51,卖盘,14
1472,799,0.0,2018-09-03,7.99,14:01:00,卖盘,1
1473,7200,0.01,2018-09-03,8.0,14:01:27,买盘,9
1474,8789,-0.01,2018-09-03,7.99,14:01:31,卖盘,11
1475,4794,0.0,2018-09-03,7.99,14:01:36,卖盘,6
1476,4000,0.01,2018-09-03,8.0,14:01:48,买盘,5
1477,7990,-0.01,2018-09-03,7.99,14:02:09,卖盘,10
1478,11186,0.0,2018-09-03,7.99,14:02:15,卖盘,14
1479,799,0.0,2018-09-03,7.99,14:03:18,卖盘,1
1480,13600,0.01,2018-09-03,8.0,14:03:31,买盘,17
1481,5600,0.0,2018-09-03,8.0,14:04:04,买盘,7
1482,24000,0.0,2018-09-03,8.0,14:04:09,买盘,30
1483,14382,-0.01,2018-09-03,7.99,14:04:15,卖盘,18
1484,4000,0.01,2018-09-03,8.0,14:04:19,买盘,5
1485,22400,0.0,2018-09-03,8.0,14:04:22,买盘,28
1486,21573,-0.01,2018-09-03,7.99,14:05:04,卖盘,27
1487,3196,0.0,2018-09-03,7.99,14:05:06,买盘,4
1488,1598,0.0,2018-09-03,7.99,14:05:10,买盘,2
1489,8778,-0.01,2018-09-03,7.98,14:05:16,卖盘,11
1490,9576,0.0,2018-09-03,7.98,14:05:19,卖盘,12
1491,19975,0.01,2018-09-03,7.99,14:05:22,买盘,25
1492,29600,0.01,2018-09-03,8.0,14:05:36,买盘,37
1493,4800,0.0,2018-09-03,8.0,14:05:39,买盘,6
1494,1598,-0.01,2018-09-03,7.99,14:06:42,卖盘,2
1495,799,0.0,2018-09-03,7.99,14:06:45,卖盘,1
1496,80000,0.01,2018-09-03,8.0,14:06:57,买盘,100
1497,2397,-0.01,2018-09-03,7.99,14:07:25,卖盘,3
1498,1600,0.01,2018-09-03,8.0,14:07:36,买盘,2
1499,7990,-0.01,2018-09-03,7.99,14:07:40,卖盘,10
1500,1600,0.01,2018-09-03,8.0,14:07:42,买盘,2
1501,7200,0.0,2018-09-03,8.0,14:07:48,买盘,9
1502,127202,0.01,2018-09-03,8.01,14:07:51,买盘,159
1503,1602,0.0,2018-09-03,8.01,14:07:58,买盘,2
1504,11200,-0.01,2018-09-03,8.0,14:08:22,卖盘,14
1505,12000,0.0,2018-09-03,8.0,14:08:57,卖盘,15
1506,18423,0.01,2018-09-03,8.01,14:09:01,买盘,23
1507,800,-0.01,2018-09-03,8.0,14:09:04,卖盘,1
1508,3200,0.0,2018-09-03,8.0,14:09:10,卖盘,4
1509,8811,0.01,2018-09-03,8.01,14:09:28,买盘,11
1510,38440,-0.01,2018-09-03,8.0,14:09:34,卖盘,48
1511,10413,0.01,2018-09-03,8.01,14:09:43,买盘,13
1512,802,0.01,2018-09-03,8.02,14:09:49,买盘,1
1513,10413,-0.01,2018-09-03,8.01,14:09:52,卖盘,13
1514,13617,0.0,2018-09-03,8.01,14:09:58,买盘,17
1515,4010,0.01,2018-09-03,8.02,14:10:10,买盘,5
1516,11228,0.0,2018-09-03,8.02,14:10:16,买盘,14
1517,20050,0.0,2018-09-03,8.02,14:10:18,买盘,25
1518,7227,0.01,2018-09-03,8.03,14:10:24,买盘,9
1519,28105,0.0,2018-09-03,8.03,14:10:42,买盘,35
1520,7227,0.0,2018-09-03,8.03,14:10:57,买盘,9
1521,8040,0.01,2018-09-03,8.04,14:11:07,买盘,10
1522,16080,0.0,2018-09-03,8.04,14:11:10,买盘,20
1523,16080,0.0,2018-09-03,8.04,14:11:16,买盘,20
1524,16080,0.0,2018-09-03,8.04,14:11:19,买盘,20
1525,12075,0.01,2018-09-03,8.05,14:11:28,买盘,15
1526,63674,0.01,2018-09-03,8.06,14:11:37,买盘,79
1527,5642,0.0,2018-09-03,8.06,14:11:40,卖盘,7
1528,20984,0.02,2018-09-03,8.08,14:11:43,买盘,26
1529,12090,-0.02,2018-09-03,8.06,14:11:49,卖盘,15
1530,8060,0.0,2018-09-03,8.06,14:11:57,卖盘,10
1531,13708,0.0,2018-09-03,8.06,14:12:07,卖盘,17
1532,12902,0.01,2018-09-03,8.07,14:12:10,买盘,16
1533,1612,-0.01,2018-09-03,8.06,14:12:13,卖盘,2
1534,11298,0.01,2018-09-03,8.07,14:12:16,买盘,14
1535,16926,-0.01,2018-09-03,8.06,14:12:19,卖盘,21
1536,54808,0.0,2018-09-03,8.06,14:12:22,卖盘,68
1537,7254,0.0,2018-09-03,8.06,14:12:25,卖盘,9
1538,35464,0.0,2018-09-03,8.06,14:12:28,卖盘,44
1539,3228,0.01,2018-09-03,8.07,14:12:31,买盘,4
1540,53197,0.0,2018-09-03,8.07,14:12:46,买盘,66
1541,8060,-0.01,2018-09-03,8.06,14:12:49,卖盘,10
1542,807,0.01,2018-09-03,8.07,14:12:51,买盘,1
1543,29016,-0.01,2018-09-03,8.06,14:12:55,卖盘,36
1544,806,0.0,2018-09-03,8.06,14:13:01,买盘,1
1545,6440,-0.01,2018-09-03,8.05,14:13:10,卖盘,8
1546,9660,0.0,2018-09-03,8.05,14:13:36,卖盘,12
1547,1610,0.0,2018-09-03,8.05,14:13:40,卖盘,2
1548,2412,-0.01,2018-09-03,8.04,14:13:42,卖盘,3
1549,11270,0.01,2018-09-03,8.05,14:13:55,买盘,14
1550,11265,-0.01,2018-09-03,8.04,14:14:01,卖盘,14
1551,20930,0.01,2018-09-03,8.05,14:14:04,买盘,26
1552,3220,0.0,2018-09-03,8.05,14:14:07,卖盘,4
1553,5637,0.01,2018-09-03,8.06,14:14:10,买盘,7
1554,16120,0.0,2018-09-03,8.06,14:14:13,买盘,20
1555,8060,0.0,2018-09-03,8.06,14:14:37,买盘,10
1556,4030,0.0,2018-09-03,8.06,14:14:43,买盘,5
1557,27404,0.0,2018-09-03,8.06,14:14:52,买盘,34
1558,8060,0.0,2018-09-03,8.06,14:14:55,买盘,10
1559,8060,0.0,2018-09-03,8.06,14:15:01,买盘,10
1560,20967,0.01,2018-09-03,8.07,14:15:04,买盘,26
1561,8060,-0.01,2018-09-03,8.06,14:15:10,卖盘,10
1562,8070,0.01,2018-09-03,8.07,14:15:25,买盘,10
1563,223814,0.01,2018-09-03,8.08,14:15:28,买盘,277
1564,19436,0.01,2018-09-03,8.09,14:15:40,买盘,24
1565,8090,0.0,2018-09-03,8.09,14:15:43,卖盘,10
1566,35626,0.0,2018-09-03,8.09,14:15:52,卖盘,44
1567,4050,0.01,2018-09-03,8.1,14:15:55,买盘,5
1568,1618,-0.01,2018-09-03,8.09,14:15:58,卖盘,2
1569,22672,0.01,2018-09-03,8.1,14:16:10,买盘,28
1570,4860,0.0,2018-09-03,8.1,14:16:13,卖盘,6
1571,23490,0.0,2018-09-03,8.1,14:16:19,卖盘,29
1572,8100,0.0,2018-09-03,8.1,14:16:22,买盘,10
1573,12160,0.01,2018-09-03,8.11,14:16:28,买盘,15
1574,8100,-0.01,2018-09-03,8.1,14:16:30,卖盘,10
1575,6485,0.01,2018-09-03,8.11,14:16:43,买盘,8
1576,9720,-0.01,2018-09-03,8.1,14:16:46,卖盘,12
1577,5670,0.0,2018-09-03,8.1,14:16:49,买盘,7
1578,24250,-0.02,2018-09-03,8.08,14:16:52,卖盘,30
1579,60811,0.03,2018-09-03,8.11,14:16:55,买盘,75
1580,81100,0.0,2018-09-03,8.11,14:17:04,买盘,100
1581,40524,-0.01,2018-09-03,8.1,14:17:21,卖盘,50
1582,8100,0.0,2018-09-03,8.1,14:17:49,卖盘,10
1583,8100,0.0,2018-09-03,8.1,14:17:58,卖盘,10
1584,7290,0.0,2018-09-03,8.1,14:18:04,卖盘,9
1585,810,0.0,2018-09-03,8.1,14:18:25,买盘,1
1586,8910,0.0,2018-09-03,8.1,14:18:28,买盘,11
1587,4850,-0.02,2018-09-03,8.08,14:18:37,卖盘,6
1588,8100,0.02,2018-09-03,8.1,14:18:46,买盘,10
1589,6480,0.0,2018-09-03,8.1,14:19:00,卖盘,8
1590,4050,0.0,2018-09-03,8.1,14:19:04,卖盘,5
1591,4860,0.0,2018-09-03,8.1,14:19:07,卖盘,6
1592,809,-0.01,2018-09-03,8.09,14:19:34,买盘,1
1593,808,-0.01,2018-09-03,8.08,14:19:49,卖盘,1
1594,20200,0.0,2018-09-03,8.08,14:19:52,卖盘,25
1595,2424,0.0,2018-09-03,8.08,14:20:06,卖盘,3
1596,5658,0.0,2018-09-03,8.08,14:20:12,卖盘,7
1597,9697,0.0,2018-09-03,8.08,14:20:15,卖盘,12
1598,16160,0.0,2018-09-03,8.08,14:20:46,卖盘,20
1599,9696,0.0,2018-09-03,8.08,14:20:58,卖盘,12
1600,4045,0.01,2018-09-03,8.09,14:21:04,买盘,5
1601,4040,-0.01,2018-09-03,8.08,14:21:06,卖盘,5
1602,1616,0.0,2018-09-03,8.08,14:21:30,卖盘,2
1603,5663,0.01,2018-09-03,8.09,14:21:33,买盘,7
1604,22680,0.01,2018-09-03,8.1,14:21:55,买盘,28
1605,1620,0.0,2018-09-03,8.1,14:22:00,卖盘,2
1606,8100,0.0,2018-09-03,8.1,14:22:04,卖盘,10
1607,811,0.01,2018-09-03,8.11,14:22:28,买盘,1
1608,8100,-0.01,2018-09-03,8.1,14:22:39,卖盘,10
1609,7290,0.0,2018-09-03,8.1,14:22:55,卖盘,9
1610,6480,0.0,2018-09-03,8.1,14:22:58,卖盘,8
1611,2430,0.0,2018-09-03,8.1,14:23:06,卖盘,3
1612,12963,0.01,2018-09-03,8.11,14:23:22,买盘,16
1613,811,0.0,2018-09-03,8.11,14:23:28,买盘,1
1614,25920,-0.01,2018-09-03,8.1,14:23:40,卖盘,32
1615,8100,0.0,2018-09-03,8.1,14:23:49,卖盘,10
1616,4860,0.0,2018-09-03,8.1,14:23:51,卖盘,6
1617,1620,0.0,2018-09-03,8.1,14:24:09,卖盘,2
1618,41310,0.0,2018-09-03,8.1,14:24:12,卖盘,51
1619,7281,-0.01,2018-09-03,8.09,14:24:22,卖盘,9
1620,809,0.0,2018-09-03,8.09,14:24:33,卖盘,1
1621,9720,0.01,2018-09-03,8.1,14:24:36,买盘,12
1622,2427,-0.01,2018-09-03,8.09,14:24:40,卖盘,3
1623,8090,0.0,2018-09-03,8.09,14:24:46,卖盘,10
1624,10517,0.0,2018-09-03,8.09,14:24:49,买盘,13
1625,8899,0.0,2018-09-03,8.09,14:25:10,卖盘,11
1626,54203,0.0,2018-09-03,8.09,14:25:22,卖盘,67
1627,1616,-0.01,2018-09-03,8.08,14:25:33,卖盘,2
1628,16180,0.01,2018-09-03,8.09,14:25:36,买盘,20
1629,8090,0.0,2018-09-03,8.09,14:26:01,买盘,10
1630,15362,0.0,2018-09-03,8.09,14:26:04,买盘,19
1631,41257,0.0,2018-09-03,8.09,14:26:15,买盘,51
1632,12944,0.0,2018-09-03,8.09,14:26:21,卖盘,16
1633,9720,0.01,2018-09-03,8.1,14:26:45,买盘,12
1634,28350,0.0,2018-09-03,8.1,14:26:55,买盘,35
1635,66502,0.01,2018-09-03,8.11,14:27:13,买盘,82
1636,1622,0.0,2018-09-03,8.11,14:27:22,卖盘,2
1637,1624,0.01,2018-09-03,8.12,14:27:31,买盘,2
1638,25984,0.0,2018-09-03,8.12,14:27:37,买盘,32
1639,9744,0.0,2018-09-03,8.12,14:27:46,买盘,12
1640,8120,0.0,2018-09-03,8.12,14:27:49,卖盘,10
1641,813,0.01,2018-09-03,8.13,14:27:58,买盘,1
1642,813,0.0,2018-09-03,8.13,14:28:04,买盘,1
1643,13804,-0.01,2018-09-03,8.12,14:28:19,卖盘,17
1644,7308,0.0,2018-09-03,8.12,14:28:25,卖盘,9
1645,8130,0.01,2018-09-03,8.13,14:28:37,买盘,10
1646,8120,-0.01,2018-09-03,8.12,14:28:43,卖盘,10
1647,12180,0.0,2018-09-03,8.12,14:28:49,卖盘,15
1648,25172,0.0,2018-09-03,8.12,14:28:52,卖盘,31
1649,10543,-0.01,2018-09-03,8.11,14:29:07,卖盘,13
1650,3240,-0.01,2018-09-03,8.1,14:29:12,卖盘,4
1651,74499,-0.01,2018-09-03,8.09,14:29:22,卖盘,92
1652,4854,0.0,2018-09-03,8.09,14:29:33,卖盘,6
1653,8100,0.01,2018-09-03,8.1,14:29:42,买盘,10
1654,810,0.0,2018-09-03,8.1,14:29:51,买盘,1
1655,7281,-0.01,2018-09-03,8.09,14:30:10,卖盘,9
1656,1618,0.0,2018-09-03,8.09,14:30:13,卖盘,2
1657,4050,0.01,2018-09-03,8.1,14:30:24,买盘,5
1658,2430,0.0,2018-09-03,8.1,14:30:31,买盘,3
1659,4045,-0.01,2018-09-03,8.09,14:30:34,卖盘,5
1660,1618,0.0,2018-09-03,8.09,14:31:00,卖盘,2
1661,2427,0.0,2018-09-03,8.09,14:31:06,卖盘,3
1662,6472,0.0,2018-09-03,8.09,14:31:25,卖盘,8
1663,3237,0.0,2018-09-03,8.09,14:31:36,卖盘,4
1664,1618,0.0,2018-09-03,8.09,14:31:46,卖盘,2
1665,84151,0.01,2018-09-03,8.1,14:32:04,买盘,104
1666,810,0.0,2018-09-03,8.1,14:32:09,卖盘,1
1667,811,0.01,2018-09-03,8.11,14:32:16,买盘,1
1668,1622,0.0,2018-09-03,8.11,14:32:28,买盘,2
1669,11354,0.0,2018-09-03,8.11,14:32:52,买盘,14
1670,1622,0.0,2018-09-03,8.11,14:32:57,买盘,2
1671,6480,-0.01,2018-09-03,8.1,14:33:00,卖盘,8
1672,2433,0.01,2018-09-03,8.11,14:33:10,买盘,3
1673,50220,-0.01,2018-09-03,8.1,14:33:31,卖盘,62
1674,17010,0.0,2018-09-03,8.1,14:33:37,卖盘,21
1675,1620,0.0,2018-09-03,8.1,14:33:40,卖盘,2
1676,9720,0.0,2018-09-03,8.1,14:33:46,卖盘,12
1677,30780,0.0,2018-09-03,8.1,14:33:55,卖盘,38
1678,2424,-0.02,2018-09-03,8.08,14:34:09,卖盘,3
1679,27540,0.02,2018-09-03,8.1,14:34:16,买盘,34
1680,72090,0.0,2018-09-03,8.1,14:34:37,买盘,89
1681,4050,0.0,2018-09-03,8.1,14:34:39,卖盘,5
1682,811,0.01,2018-09-03,8.11,14:35:03,买盘,1
1683,8100,-0.01,2018-09-03,8.1,14:35:09,卖盘,10
1684,4865,0.0,2018-09-03,8.1,14:35:13,卖盘,6
1685,4050,0.0,2018-09-03,8.1,14:35:16,卖盘,5
1686,34873,0.01,2018-09-03,8.11,14:35:22,买盘,43
1687,6493,0.0,2018-09-03,8.11,14:35:40,卖盘,8
1688,25172,0.01,2018-09-03,8.12,14:36:10,买盘,31
1689,8110,-0.01,2018-09-03,8.11,14:36:18,卖盘,10
1690,8120,0.01,2018-09-03,8.12,14:36:24,买盘,10
1691,11368,0.0,2018-09-03,8.12,14:36:34,买盘,14
1692,812,0.0,2018-09-03,8.12,14:36:40,买盘,1
1693,24390,0.01,2018-09-03,8.13,14:37:12,买盘,30
1694,3252,0.0,2018-09-03,8.13,14:37:19,买盘,4
1695,17864,-0.01,2018-09-03,8.12,14:37:22,卖盘,22
1696,16240,0.0,2018-09-03,8.12,14:37:31,卖盘,20
1697,140476,0.0,2018-09-03,8.12,14:37:34,卖盘,173
1698,1624,0.0,2018-09-03,8.12,14:37:43,卖盘,2
1699,2439,0.01,2018-09-03,8.13,14:37:58,买盘,3
1700,813,0.0,2018-09-03,8.13,14:38:18,买盘,1
1701,4065,0.0,2018-09-03,8.13,14:38:24,买盘,5
1702,3248,-0.01,2018-09-03,8.12,14:38:37,卖盘,4
1703,6496,0.0,2018-09-03,8.12,14:38:40,卖盘,8
1704,4060,0.0,2018-09-03,8.12,14:39:04,卖盘,5
1705,26796,0.0,2018-09-03,8.12,14:39:13,卖盘,33
1706,2436,0.0,2018-09-03,8.12,14:39:19,买盘,3
1707,16220,-0.01,2018-09-03,8.11,14:39:37,卖盘,20
1708,4060,0.01,2018-09-03,8.12,14:39:40,买盘,5
1709,811,-0.01,2018-09-03,8.11,14:39:51,卖盘,1
1710,1622,0.0,2018-09-03,8.11,14:39:54,卖盘,2
1711,13787,0.0,2018-09-03,8.11,14:40:04,卖盘,17
1712,12165,0.0,2018-09-03,8.11,14:40:16,卖盘,15
1713,28385,0.0,2018-09-03,8.11,14:40:21,卖盘,35
1714,19464,0.0,2018-09-03,8.11,14:40:43,卖盘,24
1715,1624,0.01,2018-09-03,8.12,14:40:52,买盘,2
1716,14598,-0.01,2018-09-03,8.11,14:40:55,卖盘,18
1717,4872,0.01,2018-09-03,8.12,14:40:58,买盘,6
1718,4060,0.0,2018-09-03,8.12,14:41:07,买盘,5
1719,6488,-0.01,2018-09-03,8.11,14:41:27,卖盘,8
1720,23544,0.01,2018-09-03,8.12,14:41:36,买盘,29
1721,811,-0.01,2018-09-03,8.11,14:41:40,中性盘,1
1722,14598,0.0,2018-09-03,8.11,14:41:55,卖盘,18
1723,50309,0.01,2018-09-03,8.12,14:42:06,买盘,62
1724,7299,-0.01,2018-09-03,8.11,14:42:12,买盘,9
1725,30818,0.0,2018-09-03,8.11,14:42:34,卖盘,38
1726,12165,0.0,2018-09-03,8.11,14:42:39,买盘,15
1727,24330,0.0,2018-09-03,8.11,14:42:42,买盘,30
1728,2433,0.0,2018-09-03,8.11,14:42:46,买盘,3
1729,81176,0.01,2018-09-03,8.12,14:42:58,买盘,100
1730,22680,-0.02,2018-09-03,8.1,14:43:00,卖盘,28
1731,48540,-0.01,2018-09-03,8.09,14:43:40,卖盘,60
1732,810,0.01,2018-09-03,8.1,14:43:52,买盘,1
1733,26697,-0.01,2018-09-03,8.09,14:44:01,卖盘,33
1734,1620,0.01,2018-09-03,8.1,14:44:06,买盘,2
1735,2427,-0.01,2018-09-03,8.09,14:44:09,卖盘,3
1736,21034,0.0,2018-09-03,8.09,14:44:13,买盘,26
1737,6472,0.0,2018-09-03,8.09,14:44:16,卖盘,8
1738,1618,0.0,2018-09-03,8.09,14:44:22,卖盘,2
1739,187456,-0.01,2018-09-03,8.08,14:44:28,卖盘,232
1740,4040,0.0,2018-09-03,8.08,14:44:31,买盘,5
1741,19368,-0.01,2018-09-03,8.07,14:44:34,卖盘,24
1742,4842,0.0,2018-09-03,8.07,14:44:42,卖盘,6
1743,4040,0.01,2018-09-03,8.08,14:45:04,买盘,5
1744,8080,0.0,2018-09-03,8.08,14:45:13,买盘,10
1745,808,0.0,2018-09-03,8.08,14:45:22,买盘,1
1746,4848,0.0,2018-09-03,8.08,14:45:25,买盘,6
1747,8080,0.0,2018-09-03,8.08,14:45:28,买盘,10
1748,4035,-0.01,2018-09-03,8.07,14:46:01,卖盘,5
1749,6456,0.0,2018-09-03,8.07,14:46:04,卖盘,8
1750,1614,0.0,2018-09-03,8.07,14:46:13,卖盘,2
1751,23432,0.01,2018-09-03,8.08,14:46:16,买盘,29
1752,64560,-0.01,2018-09-03,8.07,14:46:19,卖盘,80
1753,4842,0.0,2018-09-03,8.07,14:46:21,买盘,6
1754,6448,-0.01,2018-09-03,8.06,14:46:34,卖盘,8
1755,46806,0.01,2018-09-03,8.07,14:46:40,买盘,58
1756,43566,-0.01,2018-09-03,8.06,14:46:43,卖盘,54
1757,15314,0.0,2018-09-03,8.06,14:46:52,卖盘,19
1758,4040,0.02,2018-09-03,8.08,14:46:58,买盘,5
1759,808,0.0,2018-09-03,8.08,14:47:01,买盘,1
1760,8060,-0.02,2018-09-03,8.06,14:47:04,卖盘,10
1761,7263,0.01,2018-09-03,8.07,14:47:34,卖盘,9
1762,8080,0.01,2018-09-03,8.08,14:47:39,买盘,10
1763,12120,0.0,2018-09-03,8.08,14:47:43,买盘,15
1764,18584,0.0,2018-09-03,8.08,14:47:46,卖盘,23
1765,14544,0.0,2018-09-03,8.08,14:47:55,卖盘,18
1766,179804,0.02,2018-09-03,8.1,14:47:58,买盘,222
1767,10530,0.0,2018-09-03,8.1,14:48:04,卖盘,13
1768,32400,0.0,2018-09-03,8.1,14:48:22,卖盘,40
1769,10530,0.0,2018-09-03,8.1,14:48:24,卖盘,13
1770,17012,0.01,2018-09-03,8.11,14:48:34,买盘,21
1771,2430,-0.01,2018-09-03,8.1,14:48:51,买盘,3
1772,8899,-0.01,2018-09-03,8.09,14:48:57,卖盘,11
1773,8899,0.0,2018-09-03,8.09,14:49:04,卖盘,11
1774,2430,0.01,2018-09-03,8.1,14:49:10,买盘,3
1775,39690,0.0,2018-09-03,8.1,14:49:13,买盘,49
1776,12135,-0.01,2018-09-03,8.09,14:49:16,卖盘,15
1777,46972,0.01,2018-09-03,8.1,14:49:19,买盘,58
1778,810,0.0,2018-09-03,8.1,14:49:22,买盘,1
1779,24300,0.0,2018-09-03,8.1,14:49:31,买盘,30
1780,8899,-0.01,2018-09-03,8.09,14:49:33,卖盘,11
1781,8090,0.0,2018-09-03,8.09,14:49:48,卖盘,10
1782,2427,0.0,2018-09-03,8.09,14:49:52,卖盘,3
1783,4050,0.01,2018-09-03,8.1,14:49:54,买盘,5
1784,44550,0.0,2018-09-03,8.1,14:50:01,买盘,55
1785,8910,0.0,2018-09-03,8.1,14:50:04,卖盘,11
1786,16220,0.01,2018-09-03,8.11,14:50:12,买盘,20
1787,42983,0.0,2018-09-03,8.11,14:50:31,买盘,53
1788,19453,0.0,2018-09-03,8.11,14:50:34,买盘,24
1789,124195,0.01,2018-09-03,8.12,14:50:40,买盘,153
1790,43848,0.0,2018-09-03,8.12,14:50:43,卖盘,54
1791,11364,-0.02,2018-09-03,8.1,14:50:46,卖盘,14
1792,810,0.0,2018-09-03,8.1,14:50:55,买盘,1
1793,3240,0.0,2018-09-03,8.1,14:50:58,买盘,4
1794,76128,0.0,2018-09-03,8.1,14:51:04,买盘,94
1795,1620,0.0,2018-09-03,8.1,14:51:13,卖盘,2
1796,98820,0.0,2018-09-03,8.1,14:51:22,卖盘,122
1797,118652,0.03,2018-09-03,8.13,14:51:27,买盘,146
1798,67263,-0.03,2018-09-03,8.1,14:51:31,卖盘,83
1799,4866,0.01,2018-09-03,8.11,14:51:40,买盘,6
1800,11354,0.0,2018-09-03,8.11,14:51:46,买盘,14
1801,36488,-0.01,2018-09-03,8.1,14:51:49,卖盘,45
1802,11354,0.01,2018-09-03,8.11,14:51:58,卖盘,14
1803,24331,0.0,2018-09-03,8.11,14:52:04,卖盘,30
1804,41412,0.01,2018-09-03,8.12,14:52:10,买盘,51
1805,44607,-0.01,2018-09-03,8.11,14:52:19,卖盘,55
1806,43069,0.02,2018-09-03,8.13,14:52:25,买盘,53
1807,3244,-0.02,2018-09-03,8.11,14:52:28,卖盘,4
1808,3242,-0.01,2018-09-03,8.1,14:52:34,卖盘,4
1809,45360,0.0,2018-09-03,8.1,14:52:40,卖盘,56
1810,13770,0.0,2018-09-03,8.1,14:52:43,卖盘,17
1811,16200,0.0,2018-09-03,8.1,14:52:46,买盘,20
1812,809,-0.01,2018-09-03,8.09,14:52:49,卖盘,1
1813,809,0.0,2018-09-03,8.09,14:52:52,卖盘,1
1814,101980,0.01,2018-09-03,8.1,14:52:55,买盘,126
1815,19420,-0.01,2018-09-03,8.09,14:52:57,卖盘,24
1816,77664,0.0,2018-09-03,8.09,14:53:01,卖盘,96
1817,4854,0.0,2018-09-03,8.09,14:53:04,买盘,6
1818,16180,0.0,2018-09-03,8.09,14:53:10,买盘,20
1819,7272,-0.01,2018-09-03,8.08,14:53:13,卖盘,9
1820,33972,0.0,2018-09-03,8.08,14:53:19,卖盘,42
1821,808,0.0,2018-09-03,8.08,14:53:25,卖盘,1
1822,4045,0.01,2018-09-03,8.09,14:53:28,买盘,5
1823,53365,-0.01,2018-09-03,8.08,14:53:34,卖盘,66
1824,161600,0.0,2018-09-03,8.08,14:53:48,卖盘,200
1825,8888,0.0,2018-09-03,8.08,14:53:52,卖盘,11
1826,4040,0.0,2018-09-03,8.08,14:53:55,卖盘,5
1827,21007,0.01,2018-09-03,8.09,14:53:58,买盘,26
1828,42019,-0.01,2018-09-03,8.08,14:54:04,卖盘,52
1829,15333,-0.01,2018-09-03,8.07,14:54:06,卖盘,19
1830,29859,0.0,2018-09-03,8.07,14:54:12,卖盘,37
1831,8877,0.0,2018-09-03,8.07,14:54:25,卖盘,11
1832,2424,0.0,2018-09-03,8.07,14:54:28,卖盘,3
1833,4035,0.0,2018-09-03,8.07,14:54:31,卖盘,5
1834,11298,0.0,2018-09-03,8.07,14:54:34,卖盘,14
1835,807,0.0,2018-09-03,8.07,14:54:37,卖盘,1
1836,4038,0.0,2018-09-03,8.07,14:54:39,卖盘,5
1837,22596,0.0,2018-09-03,8.07,14:54:51,卖盘,28
1838,16125,0.0,2018-09-03,8.07,14:54:58,买盘,20
1839,4035,0.0,2018-09-03,8.07,14:55:01,卖盘,5
1840,21034,0.02,2018-09-03,8.09,14:55:16,买盘,26
1841,36394,0.0,2018-09-03,8.09,14:55:19,买盘,45
1842,8090,0.0,2018-09-03,8.09,14:55:21,卖盘,10
1843,8090,0.0,2018-09-03,8.09,14:55:25,卖盘,10
1844,3240,0.01,2018-09-03,8.1,14:55:28,买盘,4
1845,3236,-0.01,2018-09-03,8.09,14:55:31,卖盘,4
1846,88918,-0.01,2018-09-03,8.08,14:55:34,卖盘,110
1847,62348,0.02,2018-09-03,8.1,14:55:37,买盘,77
1848,227113,-0.03,2018-09-03,8.07,14:55:40,卖盘,281
1849,24330,0.04,2018-09-03,8.11,14:55:49,买盘,30
1850,8888,-0.03,2018-09-03,8.08,14:55:57,卖盘,11
1851,4050,0.02,2018-09-03,8.1,14:56:09,买盘,5
1852,810,0.0,2018-09-03,8.1,14:56:18,卖盘,1
1853,12142,-0.01,2018-09-03,8.09,14:56:25,卖盘,15
1854,41354,0.01,2018-09-03,8.1,14:56:28,买盘,51
1855,35680,0.01,2018-09-03,8.11,14:56:31,买盘,44
1856,17842,0.0,2018-09-03,8.11,14:56:34,卖盘,22
1857,33208,-0.02,2018-09-03,8.09,14:56:37,卖盘,41
1858,1618,0.0,2018-09-03,8.09,14:56:51,卖盘,2
1859,809,0.0,2018-09-03,8.09,14:56:55,卖盘,1
1860,13770,0.01,2018-09-03,8.1,14:56:57,买盘,17
1861,4050,0.0,2018-09-03,8.1,14:57:01,买盘,5
1862,446310,0.0,2018-09-03,8.1,15:00:04,卖盘,551
1863,243006,-0.08,2018-09-04,8.02,09:25:04,买盘,303
1864,188788,-0.02,2018-09-04,8.0,09:30:04,卖盘,236
1865,26400,0.0,2018-09-04,8.0,09:30:07,买盘,33
1866,6400,0.0,2018-09-04,8.0,09:30:12,买盘,8
1867,8000,0.0,2018-09-04,8.0,09:30:16,买盘,10
1868,19938,-0.03,2018-09-04,7.97,09:30:19,卖盘,25
1869,12799,0.03,2018-09-04,8.0,09:30:22,买盘,16
1870,13600,0.0,2018-09-04,8.0,09:30:25,买盘,17
1871,22400,0.0,2018-09-04,8.0,09:30:28,买盘,28
1872,12000,0.0,2018-09-04,8.0,09:30:31,买盘,15
1873,46394,0.0,2018-09-04,8.0,09:30:34,卖盘,58
1874,16821,0.01,2018-09-04,8.01,09:30:37,买盘,21
1875,46408,0.0,2018-09-04,8.01,09:30:42,买盘,58
1876,41648,0.0,2018-09-04,8.01,09:30:46,买盘,52
1877,1604,0.01,2018-09-04,8.02,09:30:52,买盘,2
1878,47485,0.01,2018-09-04,8.03,09:30:57,卖盘,59
1879,35384,0.03,2018-09-04,8.06,09:31:01,买盘,44
1880,1612,0.0,2018-09-04,8.06,09:31:04,卖盘,2
1881,49166,0.0,2018-09-04,8.06,09:31:10,卖盘,61
1882,12902,0.01,2018-09-04,8.07,09:31:13,买盘,16
1883,58099,-0.01,2018-09-04,8.06,09:31:16,卖盘,72
1884,806,0.0,2018-09-04,8.06,09:31:19,买盘,1
1885,16869,0.0,2018-09-04,8.06,09:31:21,买盘,21
1886,806,0.0,2018-09-04,8.06,09:31:25,买盘,1
1887,5642,0.0,2018-09-04,8.06,09:31:27,买盘,7
1888,69316,0.0,2018-09-04,8.06,09:31:31,买盘,86
1889,29785,-0.02,2018-09-04,8.04,09:31:34,卖盘,37
1890,12075,0.01,2018-09-04,8.05,09:31:37,买盘,15
1891,45034,-0.01,2018-09-04,8.04,09:31:43,卖盘,56
1892,20100,0.0,2018-09-04,8.04,09:31:46,买盘,25
1893,100400,-0.01,2018-09-04,8.03,09:31:49,卖盘,125
1894,8030,0.0,2018-09-04,8.03,09:31:52,买盘,10
1895,26466,-0.01,2018-09-04,8.02,09:31:58,卖盘,33
1896,43362,0.01,2018-09-04,8.03,09:32:00,买盘,54
1897,8020,-0.01,2018-09-04,8.02,09:32:04,卖盘,10
1898,10439,0.01,2018-09-04,8.03,09:32:07,买盘,13
1899,77871,-0.01,2018-09-04,8.02,09:32:09,卖盘,97
1900,8822,0.0,2018-09-04,8.02,09:32:13,卖盘,11
1901,24060,0.0,2018-09-04,8.02,09:32:16,买盘,30
1902,804,0.02,2018-09-04,8.04,09:32:19,买盘,1
1903,1604,-0.02,2018-09-04,8.02,09:32:22,卖盘,2
1904,20898,0.02,2018-09-04,8.04,09:32:25,买盘,26
1905,8844,0.0,2018-09-04,8.04,09:32:28,买盘,11
1906,79515,0.0,2018-09-04,8.04,09:32:31,买盘,99
1907,14490,0.01,2018-09-04,8.05,09:32:34,买盘,18
1908,17716,0.01,2018-09-04,8.06,09:32:37,买盘,22
1909,22568,0.0,2018-09-04,8.06,09:32:43,买盘,28
1910,9672,0.0,2018-09-04,8.06,09:32:45,买盘,12
1911,21771,0.01,2018-09-04,8.07,09:32:48,买盘,27
1912,10491,0.0,2018-09-04,8.07,09:32:57,买盘,13
1913,36315,0.0,2018-09-04,8.07,09:33:01,买盘,45
1914,16151,0.01,2018-09-04,8.08,09:33:04,买盘,20
1915,40332,-0.01,2018-09-04,8.07,09:33:13,卖盘,50
1916,29822,-0.01,2018-09-04,8.06,09:33:22,卖盘,37
1917,11302,0.02,2018-09-04,8.08,09:33:28,买盘,14
1918,45248,0.0,2018-09-04,8.08,09:33:31,买盘,56
1919,97742,0.0,2018-09-04,8.08,09:33:37,买盘,121
1920,8080,0.0,2018-09-04,8.08,09:33:40,买盘,10
1921,17776,0.0,2018-09-04,8.08,09:33:43,买盘,22
1922,19392,0.0,2018-09-04,8.08,09:33:45,买盘,24
1923,29086,0.0,2018-09-04,8.08,09:33:49,买盘,36
1924,51776,0.01,2018-09-04,8.09,09:33:55,买盘,64
1925,19416,0.0,2018-09-04,8.09,09:33:58,卖盘,24
1926,4860,0.01,2018-09-04,8.1,09:34:01,买盘,6
1927,59130,0.0,2018-09-04,8.1,09:34:04,买盘,73
1928,55890,0.0,2018-09-04,8.1,09:34:07,买盘,69
1929,8120,0.02,2018-09-04,8.12,09:34:13,买盘,10
1930,4878,0.01,2018-09-04,8.13,09:34:19,买盘,6
1931,18656,-0.02,2018-09-04,8.11,09:34:22,卖盘,23
1932,56004,0.01,2018-09-04,8.12,09:34:25,买盘,69
1933,23548,0.0,2018-09-04,8.12,09:34:34,买盘,29
1934,31616,0.0,2018-09-04,8.12,09:34:37,买盘,39
1935,86876,0.0,2018-09-04,8.12,09:34:39,买盘,107
1936,17820,-0.02,2018-09-04,8.1,09:34:46,中性盘,22
1937,78511,-0.01,2018-09-04,8.09,09:34:52,卖盘,97
1938,2427,0.0,2018-09-04,8.09,09:34:55,买盘,3
1939,27506,0.0,2018-09-04,8.09,09:35:07,买盘,34
1940,810,0.01,2018-09-04,8.1,09:35:10,买盘,1
1941,15380,0.0,2018-09-04,8.1,09:35:16,买盘,19
1942,32400,0.0,2018-09-04,8.1,09:35:25,卖盘,40
1943,22700,0.0,2018-09-04,8.1,09:35:31,卖盘,28
1944,3244,0.01,2018-09-04,8.11,09:35:34,买盘,4
1945,811,0.0,2018-09-04,8.11,09:35:40,卖盘,1
1946,9738,0.01,2018-09-04,8.12,09:35:42,买盘,12
1947,70539,0.0,2018-09-04,8.12,09:35:45,买盘,87
1948,7299,-0.01,2018-09-04,8.11,09:35:52,中性盘,9
1949,2433,0.0,2018-09-04,8.11,09:35:55,买盘,3
1950,19475,0.01,2018-09-04,8.12,09:35:58,买盘,24
1951,21112,0.0,2018-09-04,8.12,09:36:01,买盘,26
1952,31668,0.0,2018-09-04,8.12,09:36:10,买盘,39
1953,30856,0.0,2018-09-04,8.12,09:36:13,买盘,38
1954,5688,0.01,2018-09-04,8.13,09:36:15,买盘,7
1955,9744,-0.01,2018-09-04,8.12,09:36:19,卖盘,12
1956,18699,0.01,2018-09-04,8.13,09:36:24,买盘,23
1957,96592,0.0,2018-09-04,8.13,09:36:28,买盘,119
1958,50468,0.01,2018-09-04,8.14,09:36:31,买盘,62
1959,12205,-0.01,2018-09-04,8.13,09:36:34,卖盘,15
1960,43906,0.0,2018-09-04,8.13,09:36:43,卖盘,54
1961,42279,0.0,2018-09-04,8.13,09:36:46,卖盘,52
1962,4069,0.01,2018-09-04,8.14,09:36:49,买盘,5
1963,1626,-0.01,2018-09-04,8.13,09:36:51,买盘,2
1964,35684,-0.02,2018-09-04,8.11,09:36:55,卖盘,44
1965,811,0.0,2018-09-04,8.11,09:36:58,买盘,1
1966,1624,0.01,2018-09-04,8.12,09:37:01,买盘,2
1967,162400,0.0,2018-09-04,8.12,09:37:04,买盘,200
1968,16260,0.01,2018-09-04,8.13,09:37:07,买盘,20
1969,20350,0.01,2018-09-04,8.14,09:37:10,买盘,25
1970,6512,0.0,2018-09-04,8.14,09:37:13,买盘,8
1971,36675,0.01,2018-09-04,8.15,09:37:16,买盘,45
1972,4896,0.01,2018-09-04,8.16,09:37:19,买盘,6
1973,16320,0.0,2018-09-04,8.16,09:37:25,买盘,20
1974,4080,0.0,2018-09-04,8.16,09:37:28,卖盘,5
1975,15523,0.01,2018-09-04,8.17,09:37:31,买盘,19
1976,29464,0.02,2018-09-04,8.19,09:37:37,买盘,36
1977,32714,-0.01,2018-09-04,8.18,09:37:39,卖盘,40
1978,54806,0.0,2018-09-04,8.18,09:37:43,买盘,67
1979,19656,0.01,2018-09-04,8.19,09:37:46,买盘,24
1980,45005,-0.02,2018-09-04,8.17,09:37:48,卖盘,55
1981,35979,0.01,2018-09-04,8.18,09:37:52,中性盘,44
1982,13928,0.02,2018-09-04,8.2,09:37:55,买盘,17
1983,50732,0.0,2018-09-04,8.2,09:37:58,买盘,62
1984,22941,0.0,2018-09-04,8.2,09:38:01,买盘,28
1985,36855,-0.01,2018-09-04,8.19,09:38:04,卖盘,45
1986,8999,-0.01,2018-09-04,8.18,09:38:07,卖盘,11
1987,14726,0.0,2018-09-04,8.18,09:38:10,卖盘,18
1988,12282,0.01,2018-09-04,8.19,09:38:13,买盘,15
1989,39188,-0.04,2018-09-04,8.15,09:38:19,卖盘,48
1990,4895,0.01,2018-09-04,8.16,09:38:22,买盘,6
1991,14683,0.0,2018-09-04,8.16,09:38:28,买盘,18
1992,16320,0.0,2018-09-04,8.16,09:38:31,买盘,20
1993,3264,0.0,2018-09-04,8.16,09:38:34,买盘,4
1994,22034,0.01,2018-09-04,8.17,09:38:37,买盘,27
1995,19584,-0.01,2018-09-04,8.16,09:38:40,卖盘,24
1996,59591,0.01,2018-09-04,8.17,09:38:46,买盘,73
1997,156047,0.0,2018-09-04,8.17,09:38:49,买盘,191
1998,4086,0.01,2018-09-04,8.18,09:38:51,买盘,5
1999,1636,0.0,2018-09-04,8.18,09:38:55,买盘,2
2000,165860,0.0,2018-09-04,8.18,09:38:58,买盘,203
2001,5726,0.0,2018-09-04,8.18,09:39:01,买盘,7
2002,14688,-0.02,2018-09-04,8.16,09:39:04,卖盘,18
2003,43248,0.0,2018-09-04,8.16,09:39:07,卖盘,53
2004,1632,0.0,2018-09-04,8.16,09:39:10,买盘,2
2005,14690,0.01,2018-09-04,8.17,09:39:12,买盘,18
2006,31053,0.0,2018-09-04,8.17,09:39:19,卖盘,38
2007,2451,0.0,2018-09-04,8.17,09:39:31,买盘,3
2008,14698,-0.01,2018-09-04,8.16,09:39:34,卖盘,18
2009,12255,0.01,2018-09-04,8.17,09:39:36,买盘,15
2010,4085,0.0,2018-09-04,8.17,09:39:40,买盘,5
2011,22057,-0.01,2018-09-04,8.16,09:39:43,卖盘,27
2012,46562,0.0,2018-09-04,8.16,09:39:46,卖盘,57
2013,4080,0.0,2018-09-04,8.16,09:39:49,卖盘,5
2014,76622,-0.01,2018-09-04,8.15,09:39:55,卖盘,94
2015,6527,0.01,2018-09-04,8.16,09:39:58,买盘,8
2016,1632,0.0,2018-09-04,8.16,09:40:00,买盘,2
2017,31841,0.01,2018-09-04,8.17,09:40:04,买盘,39
2018,816,-0.01,2018-09-04,8.16,09:40:10,卖盘,1
2019,8977,0.01,2018-09-04,8.17,09:40:12,买盘,11
2020,16320,-0.01,2018-09-04,8.16,09:40:16,卖盘,20
2021,6528,0.0,2018-09-04,8.16,09:40:22,买盘,8
2022,4894,-0.01,2018-09-04,8.15,09:40:28,卖盘,6
2023,31005,0.01,2018-09-04,8.16,09:40:31,买盘,38
2024,44012,0.0,2018-09-04,8.16,09:40:40,买盘,54
2025,21216,0.0,2018-09-04,8.16,09:40:45,买盘,26
2026,53790,-0.01,2018-09-04,8.15,09:40:49,卖盘,66
2027,8150,0.0,2018-09-04,8.15,09:40:52,买盘,10
2028,8150,0.0,2018-09-04,8.15,09:40:58,买盘,10
2029,1630,0.0,2018-09-04,8.15,09:41:04,买盘,2
2030,21190,0.0,2018-09-04,8.15,09:41:07,买盘,26
2031,19537,-0.01,2018-09-04,8.14,09:41:10,卖盘,24
2032,20350,0.0,2018-09-04,8.14,09:41:13,买盘,25
2033,8954,0.0,2018-09-04,8.14,09:41:22,买盘,11
2034,24420,0.0,2018-09-04,8.14,09:41:25,卖盘,30
2035,60248,-0.01,2018-09-04,8.13,09:41:28,卖盘,74
2036,8130,0.0,2018-09-04,8.13,09:41:31,买盘,10
2037,812,-0.01,2018-09-04,8.12,09:41:37,卖盘,1
2038,1626,0.01,2018-09-04,8.13,09:41:40,买盘,2
2039,67479,0.0,2018-09-04,8.13,09:41:43,买盘,83
2040,2439,0.0,2018-09-04,8.13,09:41:46,卖盘,3
2041,816,0.03,2018-09-04,8.16,09:41:49,买盘,1
2042,8160,0.0,2018-09-04,8.16,09:41:58,买盘,10
2043,25296,0.0,2018-09-04,8.16,09:42:04,买盘,31
2044,10608,0.0,2018-09-04,8.16,09:42:10,买盘,13
2045,25296,0.0,2018-09-04,8.16,09:42:13,买盘,31
2046,8160,0.0,2018-09-04,8.16,09:42:15,卖盘,10
2047,16316,-0.01,2018-09-04,8.15,09:42:19,卖盘,20
2048,5719,0.02,2018-09-04,8.17,09:42:21,买盘,7
2049,8170,0.0,2018-09-04,8.17,09:42:25,买盘,10
2050,58682,0.0,2018-09-04,8.17,09:42:40,买盘,72
2051,4080,-0.01,2018-09-04,8.16,09:42:46,卖盘,5
2052,10621,0.01,2018-09-04,8.17,09:42:49,买盘,13
2053,1634,0.0,2018-09-04,8.17,09:42:52,买盘,2
2054,5719,0.0,2018-09-04,8.17,09:42:55,买盘,7
2055,15523,0.0,2018-09-04,8.17,09:43:01,买盘,19
2056,4085,0.0,2018-09-04,8.17,09:43:04,卖盘,5
2057,4085,0.0,2018-09-04,8.17,09:43:07,卖盘,5
2058,1634,0.0,2018-09-04,8.17,09:43:09,买盘,2
2059,3268,0.0,2018-09-04,8.17,09:43:13,买盘,4
2060,10613,0.0,2018-09-04,8.17,09:43:16,买盘,13
2061,8976,-0.01,2018-09-04,8.16,09:43:19,卖盘,11
2062,46480,-0.01,2018-09-04,8.15,09:43:25,卖盘,57
2063,9780,0.0,2018-09-04,8.15,09:43:27,卖盘,12
2064,7344,0.01,2018-09-04,8.16,09:43:31,中性盘,9
2065,14670,-0.01,2018-09-04,8.15,09:43:36,卖盘,18
2066,2446,0.0,2018-09-04,8.15,09:43:40,卖盘,3
2067,39120,0.0,2018-09-04,8.15,09:43:52,卖盘,48
2068,74052,-0.02,2018-09-04,8.13,09:43:57,卖盘,91
2069,50363,-0.01,2018-09-04,8.12,09:44:04,卖盘,62
2070,8924,-0.01,2018-09-04,8.11,09:44:10,卖盘,11
2071,3245,0.01,2018-09-04,8.12,09:44:16,买盘,4
2072,810,-0.02,2018-09-04,8.1,09:44:18,卖盘,1
2073,29232,0.02,2018-09-04,8.12,09:44:28,买盘,36
2074,1624,0.0,2018-09-04,8.12,09:44:34,买盘,2
2075,4056,0.0,2018-09-04,8.12,09:44:37,买盘,5
2076,8120,0.0,2018-09-04,8.12,09:44:40,买盘,10
2077,2436,0.0,2018-09-04,8.12,09:44:43,买盘,3
2078,19485,0.0,2018-09-04,8.12,09:44:46,买盘,24
2079,34104,0.0,2018-09-04,8.12,09:44:48,买盘,42
2080,3252,0.01,2018-09-04,8.13,09:44:51,买盘,4
2081,2436,-0.01,2018-09-04,8.12,09:44:55,卖盘,3
2082,2439,0.01,2018-09-04,8.13,09:45:04,买盘,3
2083,1626,0.0,2018-09-04,8.13,09:45:10,买盘,2
2084,46341,0.0,2018-09-04,8.13,09:45:13,买盘,57
2085,121137,0.0,2018-09-04,8.13,09:45:16,买盘,149
2086,3260,0.02,2018-09-04,8.15,09:45:25,买盘,4
2087,30967,-0.01,2018-09-04,8.14,09:45:31,卖盘,38
2088,16300,0.01,2018-09-04,8.15,09:45:34,买盘,20
2089,816,0.01,2018-09-04,8.16,09:45:37,买盘,1
2090,19560,-0.01,2018-09-04,8.15,09:45:46,卖盘,24
2091,19562,0.0,2018-09-04,8.15,09:45:48,卖盘,24
2092,813,-0.02,2018-09-04,8.13,09:45:55,卖盘,1
2093,8964,0.01,2018-09-04,8.14,09:45:58,中性盘,11
2094,143795,-0.02,2018-09-04,8.12,09:46:00,卖盘,177
2095,12992,0.0,2018-09-04,8.12,09:46:09,卖盘,16
2096,1624,0.0,2018-09-04,8.12,09:46:22,买盘,2
2097,99634,0.0,2018-09-04,8.12,09:46:25,买盘,123
2098,2436,0.0,2018-09-04,8.12,09:46:28,卖盘,3
2099,43048,0.0,2018-09-04,8.12,09:46:31,卖盘,53
2100,31714,0.02,2018-09-04,8.14,09:46:34,买盘,39
2101,19568,0.02,2018-09-04,8.16,09:46:37,买盘,24
2102,4080,0.0,2018-09-04,8.16,09:46:43,买盘,5
2103,4080,0.0,2018-09-04,8.16,09:46:46,买盘,5
2104,8155,-0.01,2018-09-04,8.15,09:46:48,卖盘,10
2105,8150,0.0,2018-09-04,8.15,09:46:57,卖盘,10
2106,19560,0.0,2018-09-04,8.15,09:47:04,卖盘,24
2107,6520,0.0,2018-09-04,8.15,09:47:07,买盘,8
2108,4884,-0.01,2018-09-04,8.14,09:47:12,卖盘,6
2109,13040,0.01,2018-09-04,8.15,09:47:16,买盘,16
2110,13040,0.0,2018-09-04,8.15,09:47:22,买盘,16
2111,11396,-0.01,2018-09-04,8.14,09:47:25,卖盘,14
2112,2442,0.0,2018-09-04,8.14,09:47:31,卖盘,3
2113,17908,0.0,2018-09-04,8.14,09:47:46,买盘,22
2114,8921,-0.03,2018-09-04,8.11,09:47:52,卖盘,11
2115,174441,0.05,2018-09-04,8.16,09:48:00,买盘,214
2116,1632,0.0,2018-09-04,8.16,09:48:04,卖盘,2
2117,817,0.01,2018-09-04,8.17,09:48:16,买盘,1
2118,5712,-0.01,2018-09-04,8.16,09:48:19,卖盘,7
2119,71079,0.01,2018-09-04,8.17,09:48:27,买盘,87
2120,27778,0.0,2018-09-04,8.17,09:48:34,卖盘,34
2121,147240,0.01,2018-09-04,8.18,09:48:37,买盘,180
2122,38463,0.01,2018-09-04,8.19,09:48:39,买盘,47
2123,16380,0.0,2018-09-04,8.19,09:48:48,卖盘,20
2124,53170,-0.01,2018-09-04,8.18,09:48:52,卖盘,65
2125,21262,0.0,2018-09-04,8.18,09:49:07,买盘,26
2126,5726,0.0,2018-09-04,8.18,09:49:10,中性盘,7
2127,818,0.0,2018-09-04,8.18,09:49:13,买盘,1
2128,19600,-0.02,2018-09-04,8.16,09:49:19,卖盘,24
2129,8170,0.01,2018-09-04,8.17,09:49:28,买盘,10
2130,89890,-0.01,2018-09-04,8.16,09:49:33,卖盘,110
2131,8160,0.0,2018-09-04,8.16,09:49:36,卖盘,10
2132,1632,0.0,2018-09-04,8.16,09:49:46,买盘,2
2133,19584,0.0,2018-09-04,8.16,09:49:52,买盘,24
2134,818,0.02,2018-09-04,8.18,09:50:07,买盘,1
2135,817,-0.01,2018-09-04,8.17,09:50:12,买盘,1
2136,10620,0.0,2018-09-04,8.17,09:50:25,买盘,13
2137,6536,0.0,2018-09-04,8.17,09:50:31,买盘,8
2138,26946,0.0,2018-09-04,8.17,09:50:34,买盘,33
2139,18803,0.01,2018-09-04,8.18,09:50:40,买盘,23
2140,22917,0.01,2018-09-04,8.19,09:50:46,买盘,28
2141,819,0.0,2018-09-04,8.19,09:50:57,买盘,1
2142,9009,0.0,2018-09-04,8.19,09:51:04,买盘,11
2143,14742,0.0,2018-09-04,8.19,09:51:07,买盘,18
2144,22904,-0.01,2018-09-04,8.18,09:51:10,卖盘,28
2145,22904,0.0,2018-09-04,8.18,09:51:13,买盘,28
2146,1636,0.0,2018-09-04,8.18,09:51:16,买盘,2
2147,3268,-0.01,2018-09-04,8.17,09:51:19,卖盘,4
2148,17996,0.01,2018-09-04,8.18,09:51:21,买盘,22
2149,817,-0.01,2018-09-04,8.17,09:51:34,卖盘,1
2150,817,0.0,2018-09-04,8.17,09:51:43,买盘,1
2151,11444,0.01,2018-09-04,8.18,09:51:46,买盘,14
2152,817,-0.01,2018-09-04,8.17,09:51:51,中性盘,1
2153,62146,0.02,2018-09-04,8.19,09:51:54,买盘,76
2154,3270,-0.02,2018-09-04,8.17,09:52:04,卖盘,4
2155,35136,0.01,2018-09-04,8.18,09:52:07,买盘,43
2156,4085,-0.01,2018-09-04,8.17,09:52:13,卖盘,5
2157,13078,0.01,2018-09-04,8.18,09:52:16,买盘,16
2158,1636,0.0,2018-09-04,8.18,09:52:19,买盘,2
2159,4902,-0.01,2018-09-04,8.17,09:52:22,卖盘,6
2160,3269,0.01,2018-09-04,8.18,09:52:25,买盘,4
2161,4085,-0.01,2018-09-04,8.17,09:52:36,卖盘,5
2162,1634,0.0,2018-09-04,8.17,09:52:40,卖盘,2
2163,817,0.0,2018-09-04,8.17,09:52:43,买盘,1
2164,4085,0.0,2018-09-04,8.17,09:52:46,买盘,5
2165,48198,0.0,2018-09-04,8.17,09:52:58,买盘,59
2166,28630,0.01,2018-09-04,8.18,09:53:07,买盘,35
2167,20450,0.0,2018-09-04,8.18,09:53:10,买盘,25
2168,22086,0.0,2018-09-04,8.18,09:53:12,买盘,27
2169,5726,0.0,2018-09-04,8.18,09:53:19,卖盘,7
2170,7362,0.0,2018-09-04,8.18,09:53:25,卖盘,9
2171,818,0.0,2018-09-04,8.18,09:53:27,卖盘,1
2172,7362,0.0,2018-09-04,8.18,09:53:30,买盘,9
2173,119543,0.01,2018-09-04,8.19,09:53:36,买盘,146
2174,62290,-0.01,2018-09-04,8.18,09:53:39,中性盘,76
2175,819,0.01,2018-09-04,8.19,09:53:43,中性盘,1
2176,11480,0.01,2018-09-04,8.2,09:53:46,买盘,14
2177,36040,-0.02,2018-09-04,8.18,09:53:48,卖盘,44
2178,13120,0.02,2018-09-04,8.2,09:53:52,买盘,16
2179,18894,0.02,2018-09-04,8.22,09:53:58,买盘,23
2180,5749,-0.01,2018-09-04,8.21,09:54:10,卖盘,7
2181,4106,0.0,2018-09-04,8.21,09:54:13,卖盘,5
2182,13144,0.01,2018-09-04,8.22,09:54:19,买盘,16
2183,3288,0.0,2018-09-04,8.22,09:54:22,买盘,4
2184,15607,-0.01,2018-09-04,8.21,09:54:25,卖盘,19
2185,6568,0.0,2018-09-04,8.21,09:54:28,买盘,8
2186,10660,-0.01,2018-09-04,8.2,09:54:40,卖盘,13
2187,91056,0.0,2018-09-04,8.2,09:54:49,买盘,111
2188,820,0.0,2018-09-04,8.2,09:54:51,卖盘,1
2189,10660,0.0,2018-09-04,8.2,09:54:54,卖盘,13
2190,39360,0.0,2018-09-04,8.2,09:55:01,卖盘,48
2191,32800,0.0,2018-09-04,8.2,09:55:04,卖盘,40
2192,3284,0.01,2018-09-04,8.21,09:55:07,买盘,4
2193,131200,-0.01,2018-09-04,8.2,09:55:10,卖盘,160
2194,819,-0.01,2018-09-04,8.19,09:55:16,卖盘,1
2195,4095,0.0,2018-09-04,8.19,09:55:19,卖盘,5
2196,3276,0.0,2018-09-04,8.19,09:55:24,卖盘,4
2197,59787,0.0,2018-09-04,8.19,09:55:30,买盘,73
2198,49949,-0.01,2018-09-04,8.18,09:55:33,卖盘,61
2199,35192,0.0,2018-09-04,8.18,09:55:40,卖盘,43
2200,25389,0.01,2018-09-04,8.19,09:55:46,买盘,31
2201,31902,-0.01,2018-09-04,8.18,09:55:52,卖盘,39
2202,17185,0.0,2018-09-04,8.18,09:56:06,卖盘,21
2203,69445,-0.01,2018-09-04,8.17,09:56:12,卖盘,85
2204,77615,0.0,2018-09-04,8.17,09:56:19,卖盘,95
2205,4090,0.01,2018-09-04,8.18,09:56:22,买盘,5
2206,17996,0.0,2018-09-04,8.18,09:56:28,卖盘,22
2207,2454,0.0,2018-09-04,8.18,09:56:34,买盘,3
2208,37628,0.0,2018-09-04,8.18,09:56:39,买盘,46
2209,31122,0.01,2018-09-04,8.19,09:56:57,买盘,38
2210,18040,0.01,2018-09-04,8.2,09:57:01,买盘,22
2211,21305,-0.01,2018-09-04,8.19,09:57:04,卖盘,26
2212,8190,0.0,2018-09-04,8.19,09:57:07,卖盘,10
2213,35260,0.01,2018-09-04,8.2,09:57:13,买盘,43
2214,56530,-0.01,2018-09-04,8.19,09:57:16,卖盘,69
